

@article{Mobs:2197559,
      author        = "Mobs, Esma",
      title         = "{The CERN accelerator complex. Complexe des
                       accélérateurs du CERN}",
      month         = "Jul",
      year          = "2016",
      reportNumber  = "OPEN-PHO-ACCEL-2016-009",
      url           = "http://cds.cern.ch/record/2197559",
      note          = "General Photo",
}

@article{CMS:higgspaper,
	Archiveprefix = {arXiv},
	Author = {{The CMS Collaboration}},
	Date-Added = {2013-08-16 15:24:50 +0000},
	Date-Modified = {2013-08-16 16:40:04 +0000},
	Eprint = {1207.7235},
	Journal = {Phys. Lett.},
	Pages = {30-61},
	Primaryclass = {hep-ex},
	Title = {{Observation of a new boson at a mass of 125 GeV with the CMS experiment at the LHC}},
	Volume = {B716},
	Year = {2012},
	Bdsk-File-1 = {YnBsaXN0MDDUAQIDBAUGJCVYJHZlcnNpb25YJG9iamVjdHNZJGFyY2hpdmVyVCR0b3ASAAGGoKgHCBMUFRYaIVUkbnVsbNMJCgsMDxJXTlMua2V5c1pOUy5vYmplY3RzViRjbGFzc6INDoACgAOiEBGABIAFgAdccmVsYXRpdmVQYXRoWWFsaWFzRGF0YV8QGy4uLy4uL3BhcGVyLzEyMDcuNzIzNXYyLnBkZtIXCxgZV05TLmRhdGFPEQGsAAAAAAGsAAIAAANTU0QAAAAAAAAAAAAAAAAAAAAAAAAAAAAAAADMPG23SCsAAADBfjMPMTIwNy43MjM1djIucGRmAAAAAAAAAAAAAAAAAAAAAAAAAAAAAAAAAAAAAAAAAAAAAAAAAAAAAAAAAAAAAAAAAgb2/c40Ea0AAAAAAAAAAAACAAIAAAkgAAAAAAAAAAAAAAAAAAAABXBhcGVyAAAQAAgAAMw8UZcAAAARAAgAAM4z9Y0AAAABACAAwX4zABPadQALjA4AC1/5AArsuQAK5W8ACuQgAAAAcwACAElTU0Q6VXNlcnM6AG1hcmNlbDoARG9jdW1lbnRzOgBVTkk6AE1TYzoAS3Vyc2U6AE1BOgBwYXBlcjoAMTIwNy43MjM1djIucGRmAAAOACAADwAxADIAMAA3AC4ANwAyADMANQB2ADIALgBwAGQAZgAPAAgAAwBTAFMARAASAD1Vc2Vycy9tYXJjZWwvRG9jdW1lbnRzL1VOSS9NU2MvS3Vyc2UvTUEvcGFwZXIvMTIwNy43MjM1djIucGRmAAATAAEvAAAVAAIADf//AACABtIbHB0eWiRjbGFzc25hbWVYJGNsYXNzZXNdTlNNdXRhYmxlRGF0YaMdHyBWTlNEYXRhWE5TT2JqZWN00hscIiNcTlNEaWN0aW9uYXJ5oiIgXxAPTlNLZXllZEFyY2hpdmVy0SYnVHJvb3SAAQAIABEAGgAjAC0AMgA3AEAARgBNAFUAYABnAGoAbABuAHEAcwB1AHcAhACOAKwAsQC5AmkCawJwAnsChAKSApYCnQKmAqsCuAK7As0C0ALVAAAAAAAAAgEAAAAAAAAAKAAAAAAAAAAAAAAAAAAAAtc=}
}

@misc{cms_slice,
    author = "WHO WHO WHO WHO WHO WHO WHO WHO WHO WHO WHO WHO WHO WHO WHO WHO WHO WHO WHO WHO WHO WHO WHO"

}

@techreport{vertex_fitting,
      author        = "Frühwirth, R and Waltenberger, Wolfgang and Vanlaer,
                       Pascal",
      title         = "{Adaptive Vertex Fitting}",
      institution   = "CERN",
      address       = "Geneva",
      number        = "CMS-NOTE-2007-008",
      month         = "Mar",
      year          = "2007",
      reportNumber  = "CMS-NOTE-2007-008",
      url           = "https://cds.cern.ch/record/1027031",
}
