unsorted

@MISC{gan-source,
    title           = "{A Beginner's Guide to Generative Adversarial Networks}",
    note            = {Retrieved 03 October 2018},
    url             = {https://skymind.ai/wiki/generative-adversarial-network-gan},
    timestamp       = {2018.10.03}
}

@MISC{cms-source,
    title           = "{Interactive Slice of the CMS detector - CERN Document Server}",
    note            = {Retrieved 08 October 2018},
    url             = {https://cds.cern.ch/record/2205172},
    timestamp       = {2018.10.08}
}

@MISC{cms-modify,
    title           = "{Performance of the CMS Tracker Optical Links and Future Upgrade Using
Bandwidth Efficient Digital Modulation}",
    note            = {Retrieved 08 October 2018},
    url             = {https://www.researchgate.net/figure/Cross-sectional-view-of-the-CMS-detector-11-The-HCAL-contains-and-measures-the_fig3_41217449},
    timestamp       = {2018.10.08}
}

@MISC{overfitting-source,
    title           = "{Overfitting, Wikipedia}",
    month           = {August},
    year            = {2018},
    note            = {Retrieved 03 October 2018},
    url             = {https://en.wikipedia.org/wiki/Overfitting},
    timestamp       = {2018.10.03}
}

@MISC{dense-source,
    title           = "{Machine learning fundamentals (II): Neural networks}",
    month           = {December},
    year            = {2017},
    note            = {Retrieved 06 October 2018},
    url             = {https://towardsdatascience.com/machine-learning-fundamentals-ii-neural-networks-f1e7b2cb3eef},
    timestamp       = {2018.10.06}
}

@MISC{backpropagation-source,
    title           = "{Back Propagation in Convolutional Neural Networks - Intuition and Code}",
    month           = {December},
    year            = {2017},
    note            = {Retrieved 01 October 2018},
    url             = {https://becominghuman.ai/back-propagation-in-convolutional-neural-networks-intuition-and-code-714ef1c38199},
    timestamp       = {2018.10.01}
}

MISC{backpropagation-link,
    title           = "{Back Propagation in Convolutional Neural Networks - Intuition and Code}",
    month           = {December},
    year            = {2017},
    note            = {Retrieved 01 October 2018},
    url             = {https://cdn-images-1.medium.com/max/1600/1*FceBJSJ7j8jHjb4TmLV0Ew.png},
    timestamp       = {2018.10.01}
}

@MISC{perceptron-source,
    title           = "{A Gentle Introduction to Artificial Neural Networks}",
    month           = {September},
    year            = {2014},
    note            = {Retrieved 29 September 2018},
    url             = {https://theclevermachine.wordpress.com/2014/09/11/a-gentle-introduction-to-artificial-neural-networks/},
    timestamp       = {2018.09.29}
}

MISC{perceptron-link,
    title           = "{A Gentle Introduction to Artificial Neural Networks}",
    month           = {September},
    year            = {2014},
    note            = {Retrieved 29 September 2018},
    url             = {https://theclevermachine.files.wordpress.com/2014/09/perceptron2.png},
    timestamp       = {2018.09.29}
}
