Automatically generated by Mendeley Desktop 1.19.2
Any changes to this file will be lost if it is regenerated by Mendeley.

BibTeX export options can be customized via Options -> BibTeX in Mendeley Desktop

@article{lastminute,
archivePrefix = {arXiv},
arxivId = {1801.06160},
author = {{The Pierre Auger Collaboration} and Aab, A. and Abreu, P. and Aglietta, M. and Albuquerque, I. F. M. and Allekotte, I. and Almela, A. and Castillo, J. Alvarez and Alvarez-Mu{\~{n}}iz, J. and Anastasi, G. A. and Anchordoqui, L. and Andrada, B. and Andringa, S. and Aramo, C. and Arsene, N. and Asorey, H. and Assis, P. and Avila, G.},
doi = {10.3847/2041-8213/aaa66d},
eprint = {1801.06160},
file = {:home/djschmidt/.local/share/data/Mendeley Ltd./Mendeley Desktop/Downloaded/The Pierre Auger Collaboration et al. - 2018 - Indication of anisotropy in arrival directions of ultra-high-energy cosmic rays through c.pdf:pdf},
month = {jan},
title = {{Indication of anisotropy in arrival directions of ultra-high-energy cosmic rays through comparison to the flux pattern of extragalactic gamma-ray sources}},
url = {http://arxiv.org/abs/1801.06160 http://dx.doi.org/10.3847/2041-8213/aaa66d},
year = {2018}
}
@article{like-bf42,
author = {Chatrchyan, S. and Khachatryan, V. and Sirunyan, A. M. and Adam, W. and Arnold, B. and Bergauer, H. and Bergauer, T. and Dragicevic, M. and Eichberger, M. and Er{\"{o}}, J. and Friedl, M. and Fr{\"{u}}hwirth, R. and Ghete, V. M. and Hammer, J. and Hansel, S. and Hoch, M.},
doi = {10.1088/1748-0221/5/03/T03022},
isbn = {1748-0221},
issn = {17480221},
journal = {Journal of Instrumentation},
keywords = {Large detector systems for particle and astroparti,Muon spectrometers},
title = {{Performance of CMS muon reconstruction in cosmic-ray events}},
year = {2010}
}
@article{gan,
abstract = {We propose a new framework for estimating generative models via an adversarial process, in which we simultaneously train two models: a generative model G that captures the data distribution, and a discriminative model D that estimates the probability that a sample came from the training data rather than G. The training procedure for G is to maximize the probability of D making a mistake. This framework corresponds to a minimax two-player game. In the space of arbitrary functions G and D, a unique solution exists, with G recovering the training data distribution and D equal to 1/2 everywhere. In the case where G and D are defined by multilayer perceptrons, the entire system can be trained with backpropagation. There is no need for any Markov chains or unrolled approximate inference networks during either training or generation of samples. Experiments demonstrate the potential of the framework through qualitative and quantitative evaluation of the generated samples.},
archivePrefix = {arXiv},
arxivId = {arXiv:1406.2661v1},
author = {Goodfellow, Ij and Pouget-Abadie, J and Mirza, Mehdi},
doi = {10.1017/CBO9781139058452},
eprint = {arXiv:1406.2661v1},
isbn = {1406.2661},
issn = {10495258},
journal = {arXiv preprint arXiv: {\ldots}},
pmid = {1000183096},
title = {{Generative Adversarial Networks}},
year = {2014}
}
@article{like-bf36,
author = {Chatrchyan, S. and Khachatryan, V. and Sirunyan, A. M. and Tumasyan, A. and Adam, W. and Bergauer, T. and Dragicevic, M. and Er{\"{o}}, J. and Fabjan, C. and Friedl, M. and Fr{\"{u}}hwirth, R.},
doi = {10.1088/1748-0221/9/10/P10009},
isbn = {1748-0221},
issn = {17480221},
journal = {Journal of Instrumentation},
keywords = {Large detectorsystems performance,Pattern recognition,Performance of High Energy Physics Detectors,calibration and fitting methods,cluster finding},
title = {{Description and performance of track and primary-vertex reconstruction with the CMS tracker}},
year = {2014}
}
@inproceedings{like-bf29,
abstract = {The measurement of the magnetic field in the tracking volume inside the superconducting coil of the Compact Muon Solenoid (CMS) detector under construction at CERN is done with a fieldmapper designed and produced at Fermilab. The fieldmapper uses 10 3-D B-sensors (Hall probes) developed at NIKHEF and calibrated at CERN to precision 0.05{\%} for a nominal 4 T field. The precise fieldmapper measurements are done in 33840 points inside a cylinder of 1.724 m radius and 7 m long at central fields of 2, 3, 3.5, 3.8, and 4 T. Three components of the magnetic flux density at the CMS coil maximum excitation and the remanent fields on the steel-air interface after discharge of the coil are measured in check-points with 95 3-D B-sensors located near the magnetic flux return yoke elements. Voltages induced in 22 flux-loops made of 405-turn installed on selected segments of the yoke are sampled online during the entire fast discharge (190 s time-constant) of the CMS coil and integrated offline to provide a measurement of the initial magnetic flux density in steel at the maximum field to an accuracy of a few percent. The results of the measurements made at 4 T are reported and compared with a three-dimensional model of the CMS magnet system calculated with TOSCA. {\textcopyright} 2008 IEEE.},
archivePrefix = {arXiv},
arxivId = {1110.0306},
author = {Klyukhin, V. I. and Ball, A. and Bergsma, F. and Campi, D. and Cur{\'{e}}, B. and Gaddi, A. and Gerwig, H. and Herv{\'{e}}, A. and Korienek, J. and Linde, F. and Lindenmeyer, C. and Loveless, R. and Mulders, M. and Nebel, T. and Smith, R. P. and Stickland, D. and Teafoe, G. and Veillet, L. and Zimmerman, J. K.},
booktitle = {IEEE Transactions on Applied Superconductivity},
doi = {10.1109/TASC.2008.921242},
eprint = {1110.0306},
file = {:home/djschmidt/.local/share/data/Mendeley Ltd./Mendeley Desktop/Downloaded/Klyukhin et al. - 2011 - Measurement of the CMS Magnetic Field.pdf:pdf},
issn = {10518223},
keywords = {Flux-loops,Hall probes,Magnetic field measurements,NMR probes,Superconducting solenoid},
month = {oct},
number = {2},
pages = {395--398},
title = {{Measurement of the CMS magnetic field}},
url = {http://arxiv.org/abs/1110.0306 http://dx.doi.org/10.1109/TASC.2008.921242},
volume = {18},
year = {2008}
}
@phdthesis{Kumpel2011,
abstract = {Diese Dissertation kann wie folgt zitiert werden: urn:nbn:de:hbz:468-20110512-121703-5 [http://nbn-resolving.de/urn/resolver.pl?urn=urn:nbn:de:hbz:468-20110512-121703-5]},
annote = {Wirtz, 19},
author = {K{\"{u}}mpel, Daniel},
file = {:home/djschmidt/.local/share/data/Mendeley Ltd./Mendeley Desktop/Downloaded/K{\"{u}}mpel - 2011 - Multivariate Search for a Directional Excess of EeV Photons with the Pierre Auger Observatory.pdf:pdf},
school = {Bergische Universit{\"{a}}t Wuppertal},
title = {{Multivariate Search for a Directional Excess of EeV Photons with the Pierre Auger Observatory}},
year = {2011}
}
@article{Beck2015,
abstract = {Radio synchrotron emission is a powerful tool to study the strength and structure of magnetic fields in galaxies. Unpolarized synchrotron emission traces isotropic turbulent fields which are strongest in spiral arms and bars (20-30 $\backslash$mu G) and in central starburst regions (50-100 $\backslash$mu G). Such fields are dynamically important; they affect gas flows and drive gas inflows in central regions. -- Polarized emission traces ordered fields, which can be regular or anisotropic turbulent, where the latter originates from isotropic turbulent fields by the action of compression or shear. The strongest ordered fields (10-15 $\backslash$mu G) are generally found in interarm regions. In galaxies with strong density waves, ordered fields are also observed at the inner edges of spiral arms. Ordered fields with spiral patterns exist in grand-design, barred and flocculent galaxies, and in central regions. Ordered fields in interacting galaxies have asymmetric distributions and are a tracer of past interactions between galaxies or with the intergalactic medium. In radio halos around edge-on galaxies, ordered magnetic fields with X-shaped patterns are observed. -- Faraday rotation measures of the diffuse polarized radio emission from galaxy disks reveal large-scale spiral patterns that can be described by the superposition of azimuthal modes; these are signatures of regular fields generated by mean-field dynamos. "Magnetic arms" between gaseous spiral arms may also be products of dynamo action, but need a stable spiral pattern to develop. Helically twisted field loops winding around spiral arms were found in two galaxies so far. Large-scale field reversals, like the one found in the Milky Way, could not yet be detected in external galaxies. -- The origin and evolution of cosmic magnetic fields will be studied with forthcoming radio telescopes like the Square Kilometre Array.},
annote = {Wirtz, 58},
archivePrefix = {arXiv},
arxivId = {1509.04522},
author = {Beck, Rainer},
doi = {10.1007/s00159-015-0084-4},
eprint = {1509.04522},
file = {:home/djschmidt/.local/share/data/Mendeley Ltd./Mendeley Desktop/Downloaded/Beck - 2015 - Magnetic Fields in Spiral Galaxies.pdf:pdf},
isbn = {978-94-007-5612-0},
issn = {0935-4956},
month = {sep},
title = {{Magnetic Fields in Spiral Galaxies}},
url = {http://arxiv.org/abs/1509.04522{\%}0Ahttp://dx.doi.org/10.1007/s00159-015-0084-4},
year = {2015}
}
@article{lhc,
abstract = {The Large Hadron Collider (LHC) at CERN near Geneva is the world's newest and most powerful tool for Particle Physics research. It is designed to collide proton beams with a centre-of-mass energy of 14 TeV and an unprecedented luminosity of 10 34 cm −2 s −1 . It can also collide heavy (Pb) ions with an energy of 2.8 TeV per nucleon and a peak luminosity of 10 27 cm −2 s −1 . In this paper, the machine design is described.},
author = {Evans, Lyndon and Bryant, Philip},
doi = {10.1088/1748-0221/3/08/S08001},
isbn = {9780521852777},
issn = {17480221},
journal = {Journal of Instrumentation},
keywords = {Acceleration cavities and magnets superconducting,Beam-line instrumentation,Hardware and accelerator control systems,Instrumentation for particle accelerators and stor},
pmid = {258875900008},
title = {{LHC Machine}},
year = {2008}
}
@article{Greisen1966,
abstract = {Not Available},
annote = {Wirtz, 17},
author = {Greisen, Kenneth},
doi = {10.1103/PhysRevLett.16.748},
isbn = {1079-7114},
issn = {00319007},
journal = {Physical Review Letters},
month = {apr},
number = {17},
pages = {748--750},
publisher = {American Physical Society},
title = {{End to the cosmic-ray spectrum?}},
url = {https://link.aps.org/doi/10.1103/PhysRevLett.16.748},
volume = {16},
year = {1966}
}
@article{esf33,
abstract = {Ultra-high energy cosmic rays (UHECRs) interacting with the atmosphere generate extensive air showers (EAS) of secondary particles. The depth corresponding to the maximum development of the shower, {\$}\backslashXmax{\$}, is a well-known observable for determining the nature of the primary cosmic ray which initiated the cascade process. In this paper, we present an empirical model to describe the distribution of {\$}\backslashXmax{\$} for EAS initiated by nuclei, in the energy range from {\$}10{\^{}}{\{}17{\}}{\$} eV up to {\$}10{\^{}}{\{}21{\}}{\$} eV, and by photons, in the energy range from {\$}10{\^{}}{\{}17{\}}{\$} eV up to {\$}10{\^{}}{\{}19.6{\}}{\$} eV. Our model adopts the generalized Gumbel distribution motivated by the relationship between the generalized Gumbel statistics and the distribution of the sum of non-identically distributed variables in dissipative stochastic systems. We provide an analytical expression for describing the {\$}\backslashXmax{\$} distribution for photons and for nuclei, and for their first two statistical moments, namely {\$}\backslashlangle \backslashXmax\backslashrangle{\$} and {\$}\backslashsigma{\^{}}{\{}2{\}}(\backslashXmax){\$}. The impact of the hadronic interaction model is investigated in detail, even in the case of the most up-to-date models accounting for LHC observations. We also briefly discuss the differences with a more classical approach and an application to the experimental data based on information theory.},
archivePrefix = {arXiv},
arxivId = {1305.2331},
author = {{De Domenico}, Manlio and Settimo, Mariangela and Riggi, Simone and Bertin, Eric},
doi = {10.1088/1475-7516/2013/07/050},
eprint = {1305.2331},
issn = {14757516},
journal = {Journal of Cosmology and Astroparticle Physics},
keywords = {cosmic ray theory,ultra high energy cosmic rays},
number = {7},
title = {{Reinterpreting the development of extensive air showers initiated by nuclei and photons}},
volume = {2013},
year = {2013}
}
@misc{luigi,
author = {Bernhardsson, Erik and Freider, Elias and Tarrasch and DaveFNbuck and Gpoulin and Dlstadther},
keywords = {python package},
mendeley-tags = {python package},
title = {{Luigi}},
url = {https://github.com/spotify/luigi},
year = {2012}
}
@article{computingchallenges,
author = {Krammer, N. and Liko, D.},
doi = {10.1088/1748-0221/12/06/C06039},
issn = {1748-0221},
journal = {Journal of Instrumentation},
month = {jun},
number = {06},
pages = {C06039--C06039},
publisher = {IOP Publishing},
title = {{Computing challenges of the CMS experiment}},
url = {http://stacks.iop.org/1748-0221/12/i=06/a=C06039?key=crossref.1bebd38defd4e4bfe49e8aa19536abd8},
volume = {12},
year = {2017}
}
@article{like-bf8,
abstract = {This biennial Review summarizes much of particle physics. Using data$\backslash$nfrom previous editions, plus 2658 new measurements from 644 papers, we list,$\backslash$nevaluate, and average measured properties of gauge bosons, leptons, quarks,$\backslash$nmesons, and baryons. We summarize searches for hypothetical particles such as$\backslash$nHiggs bosons, heavy neutrinos, and supersymmetric particles. All the particle$\backslash$nproperties and search limits are listed in Summary Tables. We also give numerous$\backslash$ntables, figures, formulae, and reviews of topics such as the Standard Model,$\backslash$nparticle detectors, probability, and statistics. Among the 112 reviews are many$\backslash$nthat are new or heavily revised including those on Heavy-Quark and$\backslash$nSoft-Collinear Effective Theory, Neutrino Cross Section Measurements, Monte$\backslash$nCarlo Event Generators, Lattice QCD, Heavy Quarkonium Spectroscopy, Top Quark,$\backslash$nDark Matter, V{\$}{\_}{\{}cb{\}}{\$} {\{}$\backslash$amp{\}} V{\$}{\_}{\{}ub{\}}{\$}, Quantum Chromodynamics, High-Energy$\backslash$nCollider Parameters, Astrophysical Constants, Cosmological Parameters, and Dark$\backslash$nMatter.A booklet is available containing the Summary Tables and abbreviated$\backslash$nversions of some of the other sections of this full Review. All tables,$\backslash$nlistings, and reviews (and errata) are also available on the Particle Data Group$\backslash$nwebsite: http://pdg.lbl.gov/.The 2012 edition of Review of Particle Physics is$\backslash$npublished for the Particle Data Group as article 010001 in volume 86 of Physical$\backslash$nReview D.This edition should be cited as: J. Beringer et al. (Particle Data$\backslash$nGroup), Phys. Rev. D 86, 010001 (2012).},
archivePrefix = {arXiv},
arxivId = {gr-qc/0402007},
author = {Patrignani, C. and Agashe, K. and Aielli, G. and Amsler, C. and Antonelli, M. and Asner, D. M. and Baer, H. and Banerjee, Sw and Barnett, R. M. and Basaglia, T. and Bauer, C. W. and Beatty, J. J. and Belousov, V. I. and Beringer, J. and Bethke, S. and Bichsel, H. and Biebel, O. and Blucher, E. and Brooijmans, G. and Buchmueller, O. and Burkert, V. and Bychkov, M. A. and Cahn, R. N. and Carena, M. and Ceccucci, A. and Cerri, A. and Chakraborty, D. and Chen, M. C. and Chivukula, R. S. and Copic, K. and Cowan, G. and Dahl, O. and D'Ambrosio, G. and Damour, T. and {De Florian}, D. and {De Gouv{\^{e}}a}, A. and DeGrand, T. and {De Jong}, P. and Dissertori, G. and Dobrescu, B. A. and D'Onofrio, M. and Doser, M. and Drees, M. and Dreiner, H. K. and Dwyer, D. A. and Eerola, P. and Eidelman, S. and Ellis, J. and Erler, J. and Ezhela, V. V. and Fetscher, W. and Fields, B. D. and Foster, B. and Freitas, A. and Gallagher, H. and Garren, L. and Gerber, H. J. and Gerbier, G. and Gershon, T. and Gherghetta, T. and Godizov, A. A. and Goodman, M. and Grab, C. and Gritsan, A. V. and Grojean, C. and Groom, D. E. and Gr{\"{u}}newald, M. and Gurtu, A. and Gutsche, T. and Haber, H. E. and Hagiwara, K. and Hanhart, C. and Hashimoto, S. and Hayato, Y. and Hayes, K. G. and Hebecker, A. and Heltsley, B. and Hern{\'{a}}ndez-Rey, J. J. and Hikasa, K. and Hisano, J. and H{\"{o}}cker, A. and Holder, J. and Holtkamp, A. and Huston, J. and Hyodo, T. and Irwin, K. and Jackson, J. D. and Johnson, K. F. and Kado, M. and Karliner, M. and Katz, U. F. and Klein, S. R. and Klempt, E. and Kowalewski, R. V. and Krauss, F. and Kreps, M. and Krusche, B. and Kuyanov, Yu V. and Kwon, Y. and Lahav, O. and Laiho, J. and Langacker, P. and Liddle, A. and Ligeti, Z. and Lin, C. J. and Lippmann, C. and Liss, T. M. and Littenberg, L. and Lugovsky, K. S. and Lugovsky, S. B. and Lusiani, A. and Makida, Y. and Maltoni, F. and Mannel, T. and Manohar, A. V. and Marciano, W. J. and Martin, A. D. and Masoni, A. and Matthews, J. and Mei{\ss}ner, U. G. and Milstead, D. and Mitchell, R. E. and Molaro, P. and M{\"{o}}nig, K. and Moortgat, F. and Mortonson, M. J. and Murayama, H. and Nakamura, K. and Narain, M. and Nason, P. and Navas, S. and Neubert, M. and Nevski, P. and Nir, Y. and Olive, K. A. and {Pagan Griso}, S. and Parsons, J. and Peacock, J. A. and Pennington, M. and Petcov, S. T. and Petrov, V. A. and Piepke, A. and Pomarol, A. and Quadt, A. and Raby, S. and Rademacker, J. and Raffelt, G. and Ratcliff, B. N. and Richardson, P. and Ringwald, A. and Roesler, S. and Rolli, S. and Romaniouk, A. and Rosenberg, L. J. and Rosner, J. L. and Rybka, G. and Ryutin, R. A. and Sachrajda, C. T. and Sakai, Y. and Salam, G. P. and Sarkar, S. and Sauli, F. and Schneider, O. and Scholberg, K. and Schwartz, A. J. and Scott, D. and Sharma, V. and Sharpe, S. R. and Shutt, T. and Silari, M. and Sj{\"{o}}strand, T. and Skands, P. and Skwarnicki, T. and Smith, J. G. and Smoot, G. F. and Spanier, S. and Spieler, H. and Spiering, C. and Stahl, A. and Stone, S. L. and Sumino, Y. and Sumiyoshi, T. and Syphers, M. J. and Takahashi, F. and Tanabashi, M. and Terashi, K. and Terning, J. and Thorne, R. S. and Tiator, L. and Titov, M. and Tkachenko, N. P. and T{\"{o}}rnqvist, N. A. and Tovey, D. and Valencia, G. and {Van De Water}, R. and Varelas, N. and Venanzoni, G. and Vincter, M. G. and Vogel, P. and Vogt, A. and Wakely, S. P. and Walkowiak, W. and Walter, C. W. and Wands, D. and Ward, D. R. and Wascko, M. O. and Weiglein, G. and Weinberg, D. H. and Weinberg, E. J. and White, M. and Wiencke, L. R. and Willocq, S. and Wohl, C. G. and Wolfenstein, L. and Womersley, J. and Woody, C. L. and Workman, R. L. and Yao, W. M. and Zeller, G. P. and Zenin, O. V. and Zhu, R. Y. and Zimmermann, F. and Zyla, P. A. and Anderson, J. and Harper, G. and Lugovsky, V. S. and Schaffner, P.},
doi = {10.1088/1674-1137/40/10/100001},
eprint = {0402007},
isbn = {0954-3899},
issn = {16741137},
journal = {Chinese Physics C},
pmid = {25246403},
primaryClass = {gr-qc},
title = {{Review of particle physics}},
year = {2016}
}
@misc{like-eg22,
author = {{CMS Collaboration}},
title = {{The CMS hadron calorimeter project - CERN Document Server}},
year = {1997}
}
@article{like-bf46,
abstract = {The kt and Cambridge/Aachen inclusive jet finding algorithms for hadron-hadron collisions can be seen as belonging to a broader class of sequential recombination jet algorithms, parametrised by the power of the energy scale in the distance measure. We examine some properties of a new member of this class, for which the power is negative. This ``anti-kt'' algorithm essentially behaves like an idealised cone algorithm, in that jets with only soft fragmentation are conical, active and passive areas are equal, the area anomalous dimensions are zero, the non-global logarithms are those of a rigid boundary and the Milan factor is universal. None of these properties hold for existing sequential recombination algorithms, nor for cone algorithms with split-merge steps, such as SISCone. They are however the identifying characteristics of the collinear unsafe plain ``iterative cone'' algorithm, for which the anti-kt algorithm provides a natural, fast, infrared and collinear safe replacement.},
archivePrefix = {arXiv},
arxivId = {0802.1189},
author = {Cacciari, Matteo and Salam, Gavin P and Soyez, Gregory},
doi = {10.1088/1126-6708/2008/04/063},
eprint = {0802.1189},
issn = {1029-8479},
journal = {Journal of High Energy Physics},
keywords = {Hadronic Colliders,Jets,QCD},
title = {{The anti- k t jet clustering algorithm}},
year = {2008}
}
@techreport{relu,
abstract = {While logistic sigmoid neurons are more biologically plausible than hyperbolic tangent neurons, the latter work better for training multi-layer neural networks. This paper shows that rectifying neurons are an even better model of biological neurons and yield equal or better performance than hy-perbolic tangent networks in spite of the hard non-linearity and non-differentiability at zero, creating sparse representations with true zeros, which seem remarkably suitable for naturally sparse data. Even though they can take advantage of semi-supervised setups with extra-unlabeled data, deep rectifier networks can reach their best performance without requiring any unsupervised pre-training on purely supervised tasks with large labeled datasets. Hence, these results can be seen as a new milestone in the attempts at understanding the difficulty in training deep but purely supervised neural networks, and closing the performance gap between neural networks learnt with and without unsupervised pre-training.},
author = {Glorot, Xavier and Bordes, Antoine and Bengio, Yoshua},
file = {:home/djschmidt/.local/share/data/Mendeley Ltd./Mendeley Desktop/Downloaded/Glorot, Bordes, Bengio - 2011 - Deep Sparse Rectifier Neural Networks.pdf:pdf},
title = {{Deep Sparse Rectifier Neural Networks}},
url = {http://proceedings.mlr.press/v15/glorot11a/glorot11a.pdf},
year = {2011}
}
@article{Pshirkov2011,
abstract = {We made use of the two latest sets of rotation measures (RMs) of extragalactic radio sources, namely the NRAO VLA Sky Survey rotation measures catalog and a compilation by Kronberg and Newton-McGee, to infer the global structure of the Galactic magnetic field (GMF). We have checked that these two data sets are mutually consistent. Given the existence of clear patterns in the all-sky RM distributions we considered GMF models consisting of two components: disk (spiral or ring) and halo. The parameters of these components were determined by fitting different model field geometries to the observedRMs. We found that the model consisting of a symmetric (with respect to the Galactic plane) spiral disk and antisymmetric halo fits the data best and reproduces the observed distribution ofRMs over the sky very well. We confirm that ring disk models are disfavored. Our results favor small pitch angles around - 5° and an increased vertical scale of electron distribution, in agreement with some recent studies. Based on our fits, we select two benchmark models suitable for studies of cosmic ray propagation, including cosmic rays at ultrahigh energies. {\textcopyright} 2011. The American Astronomical Society. All rights reserved.},
annote = {Wirtz, 67},
archivePrefix = {arXiv},
arxivId = {1103.0814},
author = {Pshirkov, M. S. and Tinyakov, P. G. and Kronberg, P. P. and Newton-Mcgee, K. J.},
doi = {10.1088/0004-637X/738/2/192},
eprint = {1103.0814},
file = {:home/djschmidt/.local/share/data/Mendeley Ltd./Mendeley Desktop/Downloaded/Pshirkov et al. - 2011 - Deriving global structure of the Galactic Magnetic Field from Faraday Rotation Measures of extragalactic source.pdf:pdf},
issn = {15384357},
journal = {Astrophysical Journal},
keywords = {Galaxy: structure,ISM: magnetic fields,methods: data analysis},
month = {mar},
number = {2},
title = {{Deriving the global structure of the galactic magnetic field from faraday rotation measures of extragalactic sources}},
url = {http://arxiv.org/abs/1103.0814 http://dx.doi.org/10.1088/0004-637X/738/2/192},
volume = {738},
year = {2011}
}
@misc{like-eg3,
author = {Burgard, Carsten and Noll, Dennis},
title = {{Standard model of physics - TikZ example}},
url = {http://www.texample.net/tikz/examples/model- physics/},
year = {2016}
}
@misc{like-bf23,
author = {Mobs, Esma},
month = {jul},
title = {{The CERN accelerator complex}},
url = {http://cds.cern.ch/record/2197559},
year = {2016}
}
@article{like-bf48,
author = {Chatrchyan, S. and Khachatryan, V. and Sirunyan, A. M. and Tumasyan, A. and Adam, W. and Aguilo, E. and Bergauer, T. and Dragicevic, M. and Er{\"{o}}, J. and Fabjan, C. and Friedl, M. and Fr{\"{u}}hwirth, R.},
doi = {10.1088/1748-0221/8/04/P04013},
issn = {17480221},
journal = {Journal of Instrumentation},
keywords = {Large detector-systems performance,Pattern recognition,Performance of High Energy Physics Detectors,calibration and fitting methods,cluster finding},
title = {{Identification of b-quark jets with the CMS experiment}},
year = {2013}
}
@article{like-eg21,
abstract = {The energy resolution of the barrel part of the CMS Electromagnetic Calorimeter has been studied using electrons of 20 to 250 GeV in a test beam. The incident electron's energy was reconstructed by summing the energy measured in arrays of 3 × 3 or 5 × 5 channels. There was no significant amount of correlated noise observed within these arrays. For electrons incident at the centre of the studied 3 × 3 arrays of crystals, the mean stochastic term was measured to be 2.8{\%} and the mean constant term to be 0.3{\%}. The amount of the incident electrons' energy which is contained within the array depends on its position of incidence. The variation of the containment with position is corrected for using the distribution of the measured energy within the array. For uniform illumination of a crystal with 120 GeV electrons a resolution of 0.5{\%} was achieved. The energy resolution meets the design goal for the detector.},
author = {Adzic, P. and Alemany-Fernandez, R. and Almeida, C.B. and Almeida, N.M. and Anagnostou, G. and Anfreville, M.G. and Anicin, I. and Antunovic, Z. and Auffray, E. and Baccaro, S. and Baffioni, S. and Baillon, P. and Barney, D. and Barone, L.M. and Barrillon, P. and Bartoloni, A. and Beauceron, S. and Beaudette, F. and Bell, Kenneth Watson and Benetta, R. and Bercher, M.J. and Berthon, U. and Betev, B. and Beuselinck, R. and Bhardwaj, A. and Bialas, W. and Biino, C. and Bimbot, S. and Blaha, J. and Bloch, P. and Blyth, S. and Bordalo, P. and Bornheim, A. and Bourotte, J.M. and Britton, D. and Brown, Robert M. and Bruneliere, R. and Busson, P. and Camporesi, T. and Cartiglia, N. and Cavallari, F. and Cerutti, M. and Chamont, D. and Chang, P. and Chang, Y.H. and Charlot, C. and Chatterji, S. and Chen, E.A. and Chipaux, R. and Choudhary, B.C. and Cockerill, D.J. and Collard, C. and Combaret, C. and Cossutti, F. and {Da Silva}, J.C. and Dafinei, I. and Daskalakis, G. and Davatz, G. and Decotigny, D. and {De Min}, A. and Deiters, K. and Dejardin, M. and del Re, D. and {Della Negra}, R. and {Della Ricca}, G. and Depasse, P. and Descamp, J. and Dewhirst, G. and Dhawan, S. and Diemoz, M. and Dissertori, G. and Dittmar, M. and Djambazov, L. and Dobrzynski, L. and Drndarevic, S. and Dupanloup, M. and Dzelalija, M. and Ehlers, J. and {El Mamouni}, H. and {Elliott Peisert}, A. and Evangelou, I. and Fabbro, B. and Faure, J.L. and Fay, J. and Ferri, F. and Flower, P.S. and Franzoni, G. and Funk, W. and Gaillac, A. and Gargiulo, C. and Gascon-Shotkin, S. and Geerebaert, Y. and Gentit, F.X. and Ghezzi, A. and Gilly, J. and Giolo-Nicollerat, A.S. and Givernaud, A. and Gninenko, S. and Go, A. and Godinovic, N. and Golubev, N. and Golutvin, I. and Gomez-Reino, R. and Govoni, P. and Grahl, J. and Gras, P. and Greenhalgh, R.Justin and Guillaud, J.P. and Haguenauer, M. and {Hamel De Monchenault}, G. and Hansen, M. and Heath, H.F. and Hill, J.A. and Hobson, P.R. and Holmes, D. and Holzner, A.G. and Hou, G.W. and Ille, B. and Ingram, Q. and Jain, A. and Jarry, P. and Jauffret, C. and Jha, M. and Karar, A. and Kataria, S.K. and Kachanov, V. and Kennedy, B.W. and Kloukinas, K. and Kokkas, P. and Korzhik, M. and Krasnikov, N. and Krpic, D. and Kyriakis, A. and Lebeau, M. and Lecomte, P. and Lecoq, P. and Lemaire, M.C. and Lethuillier, M. and Lin, W. and Lintern, A.L. and Lister, Alison and Litvine, Vladimir A. and Locci, E. and Lodge, A.B. and Longo, E. and Loukas, D. and Luckey, D. and Lustermann, W. and Lynch, C. and Mackay, C.K. and Malberti, M. and Maletic, D. and Mandzhavidze, I. and Manthos, N. and Markou, A. and Mathez, H. and Mathieu, A. and Matveev, V. and Maurelli, G. and Menichetti, Ezio A. and Meridiani, P. and Milenovic, P. and Milleret, G. and Mine, P. and Mur, M. and Musienko, Yu. and Nardulli, A. and Nash, J. and Neal, H. and Nedelec, P. and Negri, P. and Nessi-Tedaldi, F. and Newman, H.B. and Nikitenko, A. and Obertino, M.M. and Ofierzynski, R.A. and Organtini, G.C. and Paganini, P. and Paganoni, M. and Papadopoulos, I. and Paramatti, R. and Pastrone, N. and Pauss, F. and Puljak, I. and Pullia, A. and Puzovic, J. and Ragazzi, S. and Ramos, S. and Rander, J. and Ranjan, K. and Ravat, O. and Raymond, M. and Razis, P.A. and Redaelli, Nicola Giuseppe and Renker, D. and Reucroft, S. and Reymond, J.M. and Reynaud, M. and Reynaud, S. and Romanteau, T. and Rondeaux, F. and Rosowsky, A. and Rovelli, C. and Rumerio, P. and Rusack, R. and Rusakov, S.V. and Ryan, M.J. and Rykaczewski, H. and Sakhelashvili, T. and Salerno, R. and Santos, M. and Seez, C. and Semenyuk, I. and Sharif, O. and Sharp, P. and Shepherd-Themistocleous, C. and Shevchenko, S. and Shivpuri, R.K. and Sidiropoulos, G. and Sillou, D. and Singovski, A. and Sirois, Y. and Sirunian, A.M. and Smith, B. and Smith, V.J. and Sproston, M. and Suter, H. and Swain, J. and {Tabarelli De Fatis}, T. and Takahashi, M. and Tapper, R.J. and Cheremukhin, A. and Teixeira, I. and Teixeira, J.P. and Teller, O. and Timlin, C. and Triantis, F.A. and Troshin, S. and Tyurin, N. and Ueno, K. and Uzunian, A. and Varela, J. and {Vaz Cardoso}, N.V. and Verrecchia, P. and Vichoudis, P. and Viertel, G. and Virdee, T. and Wang, M. and Weinstein, A. and Williams, J.H. and Yaselli, I. and Zabi, A. and Zamyatin, N. and Zelepukin, S. and Zeller, M. and Zhang, L.Y. and Zhang, J. and Zhang, Y. and Zhu, K. and Zhu, R.Y.},
doi = {10.1088/1748-0221/2/04/P04004},
isbn = {1748-0221},
issn = {1748-0221},
journal = {Journal of Instrumentation},
title = {{Energy resolution of the barrel of the CMS Electromagnetic Calorimeter}},
year = {2007}
}
@article{like-bf34,
abstract = {This paper describes the CMS trigger system and its performance during Run 1 of the LHC. The trigger system consists of two levels designed to select events of potential physics interest from a GHz (MHz) interaction rate of proton-proton (heavy ion) collisions. The first level of the trigger is implemented in hardware, and selects events containing detector signals consistent with an electron, photon, muon, tau lepton, jet, or missing transverse energy. A programmable menu of up to 128 object-based algorithms is used to select events for subsequent processing. The trigger thresholds are adjusted to the LHC instantaneous luminosity during data taking in order to restrict the output rate to 100 kHz, the upper limit imposed by the CMS readout electronics. The second level, implemented in software, further refines the purity of the output stream, selecting an average rate of 400 Hz for offline event storage. The objectives, strategy and performance of the trigger system during the LHC Run 1 are described.},
archivePrefix = {arXiv},
arxivId = {1609.02366},
author = {Bhawandeep, U. and Khachatryan, V. and Sirunyan, A. M. and Tumasyan, A. and Adam, W. and Asilar, E. and Bergauer, T. and Brandstetter, J. and Brondolin, E. and Dragicevic, M. and Er{\"{o}}, J. and Flechl, M. and Friedl, M. and Fr{\"{u}}hwirth, R. and Ghete, V. M. and Hartl, C. and {H{\"{o}} Rmann}, N. and Hrubec, J. and Jeitler, M. and Kn{\"{u}}nz, V. and K{\"{o}}nig, A. and Krammer, M. and Kr{\"{a}}tschmer, I. and Liko, D. and Matsushita, T. and Mikulec, I. and Rabady, D. and Rahbaran, B. and Rohringer, H. and Schieck, J. and Sch{\"{o}}fbeck, R. and Strauss, J. and Treberer-Treberspurg, W. and Waltenberger, W. and Wulz, C. E. and Mossolov, V. and Shumeiko, N. and Gonzalez, J. Suarez and Alderweireldt, S. and Cornelis, T. and Wolf, E. A.De and Janssen, X. and Knutsson, A. and Lauwers, J. and Luyckx, S. and Klundert, M. Van De and Haevermaet, H. Van and Mechelen, P. Van and Remortel, N. Van and Spilbeeck, A. Van and Zeid, S. Abu and Blekman, F. and D'Hondt, J. and Daci, N. and Bruyn, I. De and Deroover, K. and Heracleous, N. and Keaveney, J. and Lowette, S. and Moreels, L. and Olbrechts, A. and Python, Q. and Strom, D. and Tavernier, S. and Doninck, W. Van and Mulders, P. Van and Onsem, G. P.Van and Parijs, I. Van and Barria, P. and Brun, H. and Caillol, C. and Clerbaux, B. and Lentdecker, G. De and Fasanella, G. and Favart, L. and Grebenyuk, A. and Karapostoli, G. and Lenzi, T. and L{\'{e}}onard, A. and Maerschalk, T. and Marinov, A. and Perni{\`{e}}, L. and Randle-Conde, A. and Reis, T. and Seva, T. and Velde, C. Vander and Vanlaer, P. and Yonamine, R. and Zenoni, F. and Zhang, F. and Beernaert, K. and Benucci, L. and Cimmino, A. and Crucy, S. and Dobur, D. and Fagot, A. and Garcia, G. and Gul, M. and McCartin, J. and Rios, A. A.Ocampo and Poyraz, D. and Ryckbosch, D. and Salva, S. and Sigamani, M. and Strobbe, N. and Tytgat, M. and Driessche, W. Van and Yazgan, E. and Zaganidis, N. and Basegmez, S. and Beluffi, C. and Bondu, O. and Brochet, S. and Bruno, G. and Caudron, A. and Ceard, L. and Silveira, G. G.Da and Delaere, C. and Favart, D. and Forthomme, L. and Giammanco, A. and Hollar, J. and Jafari, A. and Jez, P. and Komm, M. and Lemaitre, V. and Mertens, A. and Musich, M. and Nuttens, C. and Perrini, L. and Pin, A. and Piotrzkowski, K. and Popov, A. and Quertenmont, L. and Selvaggi, M. and Marono, M. Vidal and Beliy, N. and Hammad, G. H. and J{\'{u}}nior, W. L.Ald{\'{a}} and Alves, F. L. and Alves, G. A. and Brito, L. and Junior, M. Correa Martins and Hamer, M. and Hensel, C. and Herrera, C. Mora and Moraes, A. and Pol, M. E. and Teles, P. Rebello and Chagas, E. Belchior Batista Das and Carvalho, W. and Chinellato, J. and Cust{\'{o}}dio, A. and Costa, E. M.Da and Damiao, D. De Jesus and Martins, C. De Oliveira and Souza, S. Fonseca De and Guativa, L. M.Huertas and Malbouisson, H. and Figueiredo, D. Matos and Mundim, L. and Nogima, H. and Silva, W. L.Prado Da and Santoro, A. and Sznajder, A. and Manganote, E. J.Tonelli and Pereira, A. Vilela and Ahuja, S. and Bernardes, C. A. and Santos, A. De Souza and Dogra, S. and Tomei, T. R.Fernandez Perez and Gregores, E. M. and Mercadante, P. G. and Moon, C. S. and Novaes, S. F. and Padula, Sandra S. and Abad, D. Romero and Vargas, J. C.Ruiz and Aleksandrov, A. and Hadjiiska, R. and Iaydjiev, P. and Rodozov, M. and Stoykova, S. and Sultanov, G. and Vutova, M. and Dimitrov, A. and Glushkov, I. and Litov, L. and Pavlov, B. and Petkov, P. and Ahmad, M. and Bian, J. G. and Chen, G. M. and Chen, H. S. and Chen, M. and Cheng, T. and Du, R. and Jiang, C. H. and Plestina, R. and Romeo, F. and Shaheen, S. M. and Spiezia, A. and Tao, J. and Wang, C. and Wang, Z. and Zhang, H. and Asawatangtrakuldee, C. and Ban, Y. and Li, Q. and Liu, S. and Mao, Y. and Qian, S. J. and Wang, D. and Xu, Z. and Avila, C. and Cabrera, A. and Sierra, L. F.Chaparro and Florez, C. and Gomez, J. P. and Moreno, B. Gomez and Sanabria, J. C. and Godinovic, N. and Lelas, D. and Puljak, I. and Cipriano, P. M.Ribeiro and Antunovic, Z. and Kovac, M. and Brigljevic, V. and Kadija, K. and Luetic, J. and Micanovic, S. and Sudic, L. and Attikis, A. and Mavromanolakis, G. and Mousa, J. and Nicolaou, C. and Ptochos, F. and Razis, P. A. and Rykaczewski, H. and Bodlak, M. and Finger, M. and Finger, M. and Assran, Y. and Sawy, M. El and Elgammal, S. and Kamel, A. Ellithi and Mahmoud, M. A. and Calpas, B. and Kadastik, M. and Murumaa, M. and Raidal, M. and Tiko, A. and Veelken, C. and Eerola, P. and Pekkanen, J. and Voutilainen, M. and H{\"{a}}rk{\"{o}}nen, J. and Karim{\"{a}}ki, V. and Kinnunen, R. and Lamp{\'{e}}n, T. and Lassila-Perini, K. and Lehti, S. and Lind{\'{e}}n, T. and Luukka, P. and M{\"{a}}enpa{\"{a}}, T. and Peltola, T. and Tuominen, E. and Tuominiemi, J. and Tuovinen, E. and Wendland, L. and Talvitie, J. and Tuuva, T. and Besancon, M. and Couderc, F. and Dejardin, M. and Denegri, D. and Fabbro, B. and Faure, J. L. and Favaro, C. and Ferri, F. and Ganjour, S. and Givernaud, A. and Gras, P. and {De Monchenault}, G. Hamel and Jarry, P. and Locci, E. and Machet, M. and Malcles, J. and Rander, J. and Rosowsky, A. and Titov, M. and Zghiche, A. and Antropov, I. and Baffioni, S. and Beaudette, F. and Busson, P. and Cadamuro, L. and Chapon, E. and Charlot, C. and Dahms, T. and Davignon, O. and Filipovic, N. and Florent, A. and {De Cassagnac}, R. Granier and Lisniak, S. and Mastrolorenzo, L. and Min{\'{e}}, P. and Naranjo, I. N. and Nguyen, M. and Ochando, C. and Ortona, G. and Paganini, P. and Pigard, P. and Regnard, S. and Salerno, R. and Sauvan, J. B. and Sirois, Y. and Strebler, T. and Yilmaz, Y. and Zabi, A. and Agram, J. L. and Andrea, J. and Aubin, A. and Bloch, D. and Brom, J. M. and Buttignol, M. and Chabert, E. C. and Chanon, N. and Collard, C. and Conte, E. and Coubez, X. and Fontaine, J. C. and Gel{\'{e}}, D. and Goerlach, U. and Goetzmann, C. and Bihan, A. C.Le and Merlin, J. A. and Skovpen, K. and Hove, P. Van and Gadrat, S. and Beauceron, S. and Bernet, C. and Boudoul, G. and Bouvier, E. and Montoya, C. A.Carrillo and Chierici, R. and Contardo, D. and Courbon, B. and Depasse, P. and Mamouni, H. El and Fan, J. and Fay, J. and Gascon, S. and Gouzevitch, M. and Ille, B. and Lagarde, F. and Laktineh, I. B. and Lethuillier, M. and Mirabito, L. and Pequegnot, A. L. and Perries, S. and Alvarez, J. D.Ruiz and Sabes, D. and Sgandurra, L. and Sordini, V. and Donckt, M. Vander and Verdier, P. and Viret, S. and Toriashvili, T. and Tsamalaidze, Z. and Autermann, C. and Beranek, S. and Edelhoff, M. and Feld, L. and Heister, A. and Kiesel, M. K. and Klein, K. and Lipinski, M. and Ostapchuk, A. and Preuten, M. and Raupach, F. and Schael, S. and Schulte, J. F. and Verlage, T. and Weber, H. and Wittmer, B. and Zhukov, V. and Ata, M. and Brodski, M. and Dietz-Laursonn, E. and Duchardt, D. and Endres, M. and Erdmann, M. and Erdweg, S. and Esch, T. and Fischer, R. and G{\"{u}}th, A. and Hebbeker, T. and Heidemann, C. and Hoepfner, K. and Klingebiel, D. and Knutzen, S. and Kreuzer, P. and Merschmeyer, M. and Meyer, A. and Millet, P. and Olschewski, M. and Padeken, K. and Papacz, P. and Pook, T. and Radziej, M. and Reithler, H. and Rieger, M. and Scheuch, F. and Sonnenschein, L. and Teyssier, D. and Th{\"{u}}er, S. and Cherepanov, V. and Erdogan, Y. and Fl{\"{u}}gge, G. and Geenen, H. and Geisler, M. and Hoehle, F. and Kargoll, B. and Kress, T. and Kuessel, Y. and K{\"{u}}nsken, A. and Lingemann, J. and Nehrkorn, A. and Nowack, A. and Nugent, I. M. and Pistone, C. and Pooth, O. and Stahl, A. and Martin, M. Aldaya and Asin, I. and Bartosik, N. and Behnke, O. and Behrens, U. and Bell, A. J. and Borras, K. and Burgmeier, A. and Campbell, A. and Choudhury, S. and Costanza, F. and Pardos, C. Diez and Dolinska, G. and Dooling, S. and Dorland, T. and Eckerlin, G. and Eckstein, D. and Eichhorn, T. and Flucke, G. and Gallo, E. and Garcia, J. Garay and Geiser, A. and Gizhko, A. and Gunnellini, P. and Hauk, J. and Hempel, M. and Jung, H. and Kalogeropoulos, A. and Karacheban, O. and Kasemann, M. and Katsas, P. and Kieseler, J. and Kleinwort, C. and Korol, I. and Lange, W. and Leonard, J. and Lipka, K. and Lobanov, A. and Lohmann, W. and Mankel, R. and Marfin, I. and Melzer-Pellmann, I. A. and Meyer, A. B. and Mittag, G. and Mnich, J. and Mussgiller, A. and Naumann-Emme, S. and Nayak, A. and Ntomari, E. and Perrey, H. and Pitzl, D. and Placakyte, R. and Raspereza, A. and Roland, B. and Sahin, M. O. and Saxena, P. and Schoerner-Sadenius, T. and Schr{\"{o}}der, M. and Seitz, C. and Spannagel, S. and Trippkewitz, K. D. and Walsh, R. and Wissing, C. and Blobel, V. and Vignali, M. Centis and Draeger, A. R. and Erfle, J. and Garutti, E. and Goebel, K. and Gonzalez, D. and G{\"{o}}rner, M. and Haller, J. and Hoffmann, M. and H{\"{o}}ing, R. S. and Junkes, A. and Klanner, R. and Kogler, R. and Kovalchuk, N. and Lapsien, T. and Lenz, T. and Marchesini, I. and Marconi, D. and Meyer, M. and Nowatschin, D. and Ott, J. and Pantaleo, F. and Peiffer, T. and Perieanu, A. and Pietsch, N. and Poehlsen, J. and Rathjens, D. and Sander, C. and Scharf, C. and Schettler, H. and Schleper, P. and Schlieckau, E. and Schmidt, A. and Schwandt, J. and Sola, V. and Stadie, H. and Steinbr{\"{u}}ck, G. and Tholen, H. and Troendle, D. and Usai, E. and Vanelderen, L. and Vanhoefer, A. and Vormwald, B. and Akbiyik, M. and Barth, C. and Baus, C. and Berger, J. and B{\"{o}}ser, C. and Butz, E. and Chwalek, T. and Colombo, F. and Boer, W. De and Descroix, A. and Dierlamm, A. and Fink, S. and Frensch, F. and Friese, R. and Giffels, M. and Gilbert, A. and Haitz, D. and Hartmann, F. and Heindl, S. M. and Husemann, U. and Katkov, I. and Kornmayer, A. and Pardo, P. Lobelle and Maier, B. and Mildner, H. and Mozer, M. U. and M{\"{u}}ller, T. and M{\"{u}}ller, Th and Plagge, M. and Quast, G. and Rabbertz, K. and R{\"{o}}cker, S. and Roscher, F. and Sieber, G. and Simonis, H. J. and Stober, F. M. and Ulrich, R. and Wagner-Kuhr, J. and Wayand, S. and Weber, M. and Weiler, T. and W{\"{o}}hrmann, C. and Wolf, R. and Anagnostou, G. and Daskalakis, G. and Geralis, T. and Giakoumopoulou, V. A. and Kyriakis, A. and Loukas, D. and Psallidas, A. and Topsis-Giotis, I. and Agapitos, A. and Kesisoglou, S. and Panagiotou, A. and Saoulidou, N. and Tziaferi, E. and Evangelou, I. and Flouris, G. and Foudas, C. and Kokkas, P. and Loukas, N. and Manthos, N. and Papadopoulos, I. and Paradas, E. and Strologas, J. and Bencze, G. and Hajdu, C. and Hazi, A. and Hidas, P. and Horvath, D. and Sikler, F. and Veszpremi, V. and Vesztergombi, G. and Zsigmond, A. J. and Beni, N. and Czellar, S. and Karancsi, J. and Molnar, J. and Szillasi, Z. and Bart{\'{o}}k, M. and Makovec, A. and Raics, P. and Trocsanyi, Z. L. and Ujvari, B. and Mal, P. and Mandal, K. and Sahoo, D. K. and Sahoo, N. and Swain, S. K. and Bansal, S. and Beri, S. B. and Bhatnagar, V. and Chawla, R. and Gupta, R. and Bhawandeep, U. and Kalsi, A. K. and Kaur, A. and Kaur, M. and Kumar, R. and Mehta, A. and Mittal, M. and Singh, J. B. and Walia, G. and Kumar, Ashok and Bhardwaj, A. and Choudhary, B. C. and Garg, R. B. and Kumar, A. and Malhotra, S. and Naimuddin, M. and Nishu, N. and Ranjan, K. and Sharma, R. and Sharma, V. and Bhattacharya, S. and Chatterjee, K. and Dey, S. and Dutta, S. and Jain, Sa and Majumdar, N. and Modak, A. and Mondal, K. and Mukherjee, S. and Mukhopadhyay, S. and Roy, A. and Roy, D. and Chowdhury, S. Roy and Sarkar, S. and Sharan, M. and Abdulsalam, A. and Chudasama, R. and Dutta, D. and Jha, V. and Kumar, V. and Mohanty, A. K. and Pant, L. M. and Shukla, P. and Topkar, A. and Aziz, T. and Banerjee, S. and Bhowmik, S. and Chatterjee, R. M. and Dewanjee, R. K. and Dugad, S. and Ganguly, S. and Ghosh, S. and Guchait, M. and Gurtu, A. and Kole, G. and Kumar, S. and Mahakud, B. and Maity, M. and Majumder, G. and Mazumdar, K. and Mitra, S. and Mohanty, G. B. and Parida, B. and Sarkar, T. and Sur, N. and Sutar, B. and Wickramage, N. and Chauhan, S. and Dube, S. and Kothekar, K. and Sharma, S. and Bakhshiansohi, H. and Behnamian, H. and Etesami, S. M. and Fahim, A. and Goldouzian, R. and Khakzad, M. and Najafabadi, M. Mohammadi and Naseri, M. and Mehdiabadi, S. Paktinat and Hosseinabadi, F. Rezaei and Safarzadeh, B. and Zeinali, M. and Felcini, M. and Grunewald, M. and Abbrescia, M. and Calabria, C. and Caputo, C. and Colaleo, A. and Creanza, D. and Cristella, L. and Filippis, N. De and Palma, M. De and Fiore, L. and Iaselli, G. and Maggi, G. and Maggi, M. and Miniello, G. and My, S. and Nuzzo, S. and Pompili, A. and Pugliese, G. and Radogna, R. and Ranieri, A. and Selvaggi, G. and Silvestris, L. and Venditti, R. and Verwilligen, P. and Abbiendi, G. and Battilana, C. and Benvenuti, A. C. and Bonacorsi, D. and Braibant-Giacomelli, S. and Brigliadori, L. and Campanini, R. and Capiluppi, P. and Castro, A. and Cavallo, F. R. and Chhibra, S. S. and Codispoti, G. and Cuffiani, M. and Dallavalle, G. M. and Fabbri, F. and Fanfani, A. and Fasanella, D. and Giacomelli, P. and Grandi, C. and Guiducci, L. and Marcellini, S. and Masetti, G. and Montanari, A. and Navarria, F. L. and Perrotta, A. and Rossi, A. M. and Rovelli, T. and Siroli, G. P. and Tosi, N. and Travaglini, R. and Cappello, G. and Chiorboli, M. and Costa, S. and Mattia, A. Di and Giordano, F. and Potenza, R. and Tricomi, A. and Tuve, C. and Barbagli, G. and Ciulli, V. and Civinini, C. and D'Alessandro, R. and Focardi, E. and Gonzi, S. and Gori, V. and Lenzi, P. and Meschini, M. and Paoletti, S. and Sguazzoni, G. and Tropiano, A. and Viliani, L. and Benussi, L. and Bianco, S. and Fabbri, F. and Piccolo, D. and Primavera, F. and Calvelli, V. and Ferro, F. and Vetere, M. Lo and Monge, M. R. and Robutti, E. and Tosi, S. and Brianza, L. and Dinardo, M. E. and Fiorendi, S. and Gennai, S. and Gerosa, R. and Ghezzi, A. and Govoni, P. and Malvezzi, S. and Manzoni, R. A. and Marzocchi, B. and Menasce, D. and Moroni, L. and Paganoni, M. and Pedrini, D. and Ragazzi, S. and Redaelli, N. and {De Fatis}, T. Tabarelli and Buontempo, S. and Cavallo, N. and Guida, S. Di and Esposito, M. and Fabozzi, F. and Iorio, A. O.M. and Lanza, G. and Lista, L. and Meola, S. and Merola, M. and Paolucci, P. and Sciacca, C. and Thyssen, F. and Bacchetta, N. and Bellato, M. and Benato, L. and Bisello, D. and Boletti, A. and Carlin, R. and Checchia, P. and Dall'Osso, M. and Dosselli, U. and Gasparini, F. and Gasparini, U. and Gozzelino, A. and Lacaprara, S. and Margoni, M. and Meneguzzo, A. T. and Montecassiano, F. and Passaseo, M. and Pazzini, J. and Pegoraro, M. and Pozzobon, N. and Simonetto, F. and Torassa, E. and Tosi, M. and Vanini, S. and Ventura, S. and Zanetti, M. and Zotto, P. and Zucchetta, A. and Zumerle, G. and Braghieri, A. and Magnani, A. and Montagna, P. and Ratti, S. P. and Re, V. and Riccardi, C. and Salvini, P. and Vai, I. and Vitulo, P. and Solestizi, L. Alunni and Biasini, M. and Bilei, G. M. and Ciangottini, D. and Fano, L. and Lariccia, P. and Mantovani, G. and Menichelli, M. and Saha, A. and Santocchia, A. and Androsov, K. and Azzurri, P. and Bagliesi, G. and Bernardini, J. and Boccali, T. and Castaldi, R. and Ciocci, M. A. and Dell'Orso, R. and Donato, S. and Fedi, G. and Foa, L. and Giassi, A. and Grippo, M. T. and Ligabue, F. and Lomtadze, T. and Martini, L. and Messineo, A. and Palla, F. and Rizzi, A. and Savoy-Navarro, A. and Serban, A. T. and Spagnolo, P. and Tenchini, R. and Tonelli, G. and Venturi, A. and Verdini, P. G. and Barone, L. and Cavallari, F. and D'Imperio, G. and Re, D. Del and Diemoz, M. and Gelli, S. and Jorda, C. and Longo, E. and Margaroli, F. and Meridiani, P. and Organtini, G. and Paramatti, R. and Preiato, F. and Rahatlou, S. and Rovelli, C. and Santanastasio, F. and Traczyk, P. and Amapane, N. and Arcidiacono, R. and Argiro, S. and Arneodo, M. and Bellan, R. and Biino, C. and Cartiglia, N. and Costa, M. and Covarelli, R. and Degano, A. and Demaria, N. and Finco, L. and Kiani, B. and Mariotti, C. and Maselli, S. and Migliore, E. and Monaco, V. and Monteil, E. and Obertino, M. M. and Pacher, L. and Pastrone, N. and Pelliccioni, M. and Angioni, G. L.Pinna and Ravera, F. and Romero, A. and Ruspa, M. and Sacchi, R. and Solano, A. and Staiano, A. and Tamponi, U. and Belforte, S. and Candelise, V. and Casarsa, M. and Cossutti, F. and Ricca, G. Della and Gobbo, B. and Licata, C. La and Marone, M. and Schizzi, A. and Zanetti, A. and Kropivnitskaya, A. and Nam, S. K. and Kim, D. H. and Kim, G. N. and Kim, M. S. and Kong, D. J. and Lee, S. and Oh, Y. D. and Sakharov, A. and Son, D. C. and Cifuentes, J. A.Brochero and Kim, H. and Kim, T. J. and Song, S. and Choi, S. and Go, Y. and Gyun, D. and Hong, B. and Jo, M. and Kim, H. and Kim, Y. and Lee, B. and Lee, K. and Lee, K. S. and Lee, S. and Park, S. K. and Roh, Y. and Yoo, H. D. and Choi, M. and Kim, H. and Kim, J. H. and Lee, J. S.H. and Park, I. C. and Ryu, G. and Ryu, M. S. and Choi, Y. and Goh, J. and Kim, D. and Kwon, E. and Lee, J. and Yu, I. and Dudenas, V. and Juodagalvis, A. and Vaitkus, J. and Ahmed, I. and Ibrahim, Z. A. and Komaragiri, J. R. and Ali, M. A.B.Md and Idris, F. Mohamad and Abdullah, W. A.T.Wan and Yusli, M. N. and Linares, E. Casimiro and Castilla-Valdez, H. and Cruz-Burelo, E. De La and Cruz, I. Heredia De La and Hernandez-Almada, A. and Lopez-Fernandez, R. and Sanchez-Hernandez, A. and Moreno, S. Carrillo and Valencia, F. Vazquez and Pedraza, I. and Ibarguen, H. A.Salazar and Pineda, A. Morelos and Krofcheck, D. and Butler, P. H. and Ahmad, A. and Ahmad, M. and Hassan, Q. and Hoorani, H. R. and Khan, W. A. and Khurshid, T. and Shoaib, M. and Bialkowska, H. and Bluj, M. and Boimska, B. and Frueboes, T. and G{\'{o}}rski, M. and Kazana, M. and Nawrocki, K. and Romanowska-Rybinska, K. and Szleper, M. and Zalewski, P. and Brona, G. and Bunkowski, K. and Byszuk, A. and Doroba, K. and Kalinowski, A. and Kierzkowski, K. and Konecki, M. and Krolikowski, J. and Misiura, M. and Oklinski, W. and Olszewski, M. and Pozniak, K. and Walczak, M. and Zabolotny, W. and Bargassa, P. and Silva, C. Beirao Da Cruz E. and Francesco, A. Di and Faccioli, P. and Parracho, P. G.Ferreira and Gallinaro, M. and Leonardo, N. and Iglesias, L. Lloret and Nguyen, F. and Antunes, J. Rodrigues and Seixas, J. and Toldaiev, O. and Vadruccio, D. and Varela, J. and Vischia, P. and Afanasiev, S. and Bunin, P. and Gavrilenko, M. and Golutvin, I. and Gorbunov, I. and Kamenev, A. and Karjavin, V. and Konoplyanikov, V. and Lanev, A. and Malakhov, A. and Matveev, V. and Moisenz, P. and Palichik, V. and Perelygin, V. and Shmatov, S. and Shulha, S. and Skatchkov, N. and Smirnov, V. and Zarubin, A. and Golovtsov, V. and Ivanov, Y. and Kim, V. and Kuznetsova, E. and Levchenko, P. and Murzin, V. and Oreshkin, V. and Smirnov, I. and Sulimov, V. and Uvarov, L. and Vavilov, S. and Vorobyev, A. and Andreev, Yu and Dermenev, A. and Gninenko, S. and Golubev, N. and Karneyeu, A. and Kirsanov, M. and Krasnikov, N. and Pashenkov, A. and Tlisov, D. and Toropin, A. and Epshteyn, V. and Gavrilov, V. and Lychkovskaya, N. and Popov, V. and Pozdnyakov, I. and Safronov, G. and Spiridonov, A. and Vlasov, E. and Zhokin, A. and Bylinkin, A. and Andreev, V. and Azarkin, M. and Dremin, I. and Kirakosyan, M. and Leonidov, A. and Mesyats, G. and Rusakov, S. V. and Baskakov, A. and Belyaev, A. and Boos, E. and Dubinin, M. and Dudko, L. and Ershov, A. and Gribushin, A. and Kaminskiy, A. and Klyukhin, V. and Kodolova, O. and Lokhtin, I. and Myagkov, I. and Obraztsov, S. and Petrushanko, S. and Savrin, V. and Azhgirey, I. and Bayshev, I. and Bitioukov, S. and Kachanov, V. and Kalinin, A. and Konstantinov, D. and Krychkine, V. and Petrov, V. and Ryutin, R. and Sobol, A. and Tourtchanovitch, L. and Troshin, S. and Tyurin, N. and Uzunian, A. and Volkov, A. and Adzic, P. and Milosevic, J. and Rekovic, V. and Maestre, J. Alcaraz and Calvo, E. and Cerrada, M. and Llatas, M. Chamizo and Colino, N. and Cruz, B. De La and Peris, A. Delgado and V{\'{a}}zquez, D. Dominguez and Valle, A. Escalante Del and Bedoya, C. Fernandez and Ramos, J. P.Fern{\'{a}}ndez and Flix, J. and Fouz, M. C. and Garcia-Abia, P. and Lopez, O. Gonzalez and Lopez, S. Goy and Hernandez, J. M. and Josa, M. I. and Martino, E. Navarro De and Yzquierdo, A. P{\'{e}}rez Calero and Pelayo, J. Puerta and Olmeda, A. Quintario and Redondo, I. and Romero, L. and Santaolalla, J. and Soares, M. S. and Albajar, C. and {De Troc{\'{o}}niz}, J. F. and Missiroli, M. and Moran, D. and Cuevas, J. and Menendez, J. Fernandez and Folgueras, S. and Caballero, I. Gonzalez and Cortezon, E. Palencia and Garcia, J. M.Vizan and Cabrillo, I. J. and Calderon, A. and Saa, J. R.Castineiras De and Manzano, P. De Castro and Campderros, J. Duarte and Fernandez, M. and Garcia-Ferrero, J. and Gomez, G. and Virto, A. Lopez and Marco, J. and Marco, R. and Rivero, C. Martinez and Matorras, F. and Sanchez, F. J.Munoz and Gomez, J. Piedra and Rodrigo, T. and Rodriguez-Marrero, A. Y. and Ruiz-Jimeno, A. and Scodellaro, L. and Trevisani, N. and Vila, I. and Cortabitarte, R. Vilar and Abbaneo, D. and Auffray, E. and Auzinger, G. and Bachtis, M. and Baillon, P. and Ball, A. H. and Barney, D. and Benaglia, A. and Bendavid, J. and Benhabib, L. and Benitez, J. F. and Berruti, G. M. and Bloch, P. and Bocci, A. and Bonato, A. and Botta, C. and Breuker, H. and Camporesi, T. and Castello, R. and Cerminara, G. and D'Alfonso, M. and D'Enterria, D. and Dabrowski, A. and Daponte, V. and David, A. and Gruttola, M. De and Guio, F. De and Roeck, A. De and Visscher, S. De and Marco, E. Di and Dobson, M. and Dordevic, M. and Dorney, B. and Pree, T. Du and D{\"{u}}nser, M. and Dupont, N. and Elliott-Peisert, A. and Franzoni, G. and Funk, W. and Gigi, D. and Gill, K. and Giordano, D. and Girone, M. and Glege, F. and Guida, R. and Gundacker, S. and Guthoff, M. and Hammer, J. and Harris, P. and Hegeman, J. and Innocente, V. and Janot, P. and Kirschenmann, H. and Kortelainen, M. J. and Kousouris, K. and Krajczar, K. and Lecoq, P. and Lourenco, C. and Lucchini, M. T. and Magini, N. and Malgeri, L. and Mannelli, M. and Martelli, A. and Masetti, L. and Meijers, F. and Mersi, S. and Meschi, E. and Moortgat, F. and Morovic, S. and Mulders, M. and Nemallapudi, M. V. and Neugebauer, H. and Orfanelli, S. and Orsini, L. and Pape, L. and Perez, E. and Peruzzi, M. and Petrilli, A. and Petrucciani, G. and Pfeiffer, A. and Piparo, D. and Racz, A. and Rolandi, G. and Rovere, M. and Ruan, M. and Sakulin, H. and Sch{\"{a}}fer, C. and Schwick, C. and Seidel, M. and Sharma, A. and Silva, P. and Simon, M. and Sphicas, P. and Steggemann, J. and Stieger, B. and Stoye, M. and Takahashi, Y. and Treille, D. and Triossi, A. and Tsirou, A. and Veres, G. I. and Wardle, N. and W{\"{o}}hri, H. K. and Zagozdzinska, A. and Zeuner, W. D. and Bertl, W. and Deiters, K. and Erdmann, W. and Horisberger, R. and Ingram, Q. and Kaestli, H. C. and Kotlinski, D. and Langenegger, U. and Renker, D. and Rohe, T. and Bachmair, F. and B{\"{a}}ni, L. and Bianchini, L. and Casal, B. and Dissertori, G. and Dittmar, M. and Donega, M. and Eller, P. and Grab, C. and Heidegger, C. and Hits, D. and Hoss, J. and Kasieczka, G. and Lustermann, W. and Mangano, B. and Marionneau, M. and Arbol, P. Martinez Ruiz Del and Masciovecchio, M. and Meister, D. and Micheli, F. and Musella, P. and Nessi-Tedaldi, F. and Pandolfi, F. and Pata, J. and Pauss, F. and Perrozzi, L. and Quittnat, M. and Rossini, M. and Starodumov, A. and Takahashi, M. and Tavolaro, V. R. and Theofilatos, K. and Wallny, R. and Aarrestad, T. K. and Amsler, C. and Caminada, L. and Canelli, M. F. and Chiochia, V. and Cosa, A. De and Galloni, C. and Hinzmann, A. and Hreus, T. and Kilminster, B. and Lange, C. and Ngadiuba, J. and Pinna, D. and Robmann, P. and Ronga, F. J. and Salerno, D. and Yang, Y. and Cardaci, M. and Chen, K. H. and Doan, T. H. and Jain, Sh and Khurana, R. and Konyushikhin, M. and Kuo, C. M. and Lin, W. and Lu, Y. J. and Yu, S. S. and Kumar, Arun and Bartek, R. and Chang, P. and Chang, Y. H. and Chang, Y. W. and Chao, Y. and Chen, K. F. and Chen, P. H. and Dietz, C. and Fiori, F. and Grundler, U. and Hou, W. S. and Hsiung, Y. and Liu, Y. F. and Lu, R. S. and Moya, M. Miaano and Petrakou, E. and Tsai, J. F. and Tzeng, Y. M. and Asavapibhop, B. and Kovitanggoon, K. and Singh, G. and Srimanobhas, N. and Suwonjandee, N. and Adiguzel, A. and Bakirci, M. N. and Demiroglu, Z. S. and Dozen, C. and Eskut, E. and Girgis, S. and Gokbulut, G. and Guler, Y. and Gurpinar, E. and Hos, I. and Kangal, E. E. and Onengut, G. and Ozdemir, K. and Polatoz, A. and Cerci, D. Sunar and Tali, B. and Topakli, H. and Vergili, M. and Zorbilmez, C. and Akin, I. V. and Bilin, B. and Bilmis, S. and Isildak, B. and Karapinar, G. and Yalvac, M. and Zeyrek, M. and G{\"{u}}lmez, E. and Kaya, M. and Kaya, O. and Yetkin, E. A. and Yetkin, T. and Cakir, A. and Cankocak, K. and Sen, S. and Vardarli, F. I. and Grynyov, B. and Levchuk, L. and Sorokin, P. and Aggleton, R. and Ball, F. and Beck, L. and Brooke, J. J. and Clement, E. and Cussans, D. and Flacher, H. and Goldstein, J. and Grimes, M. and Heath, G. P. and Heath, H. F. and Jacob, J. and Kreczko, L. and Lucas, C. and Meng, Z. and Newbold, D. M. and Paramesvaran, S. and Poll, A. and Sakuma, T. and Nasr-Storey, S. Seif El and Senkin, S. and Smith, D. and Smith, V. J. and Bell, K. W. and Belyaev, A. and Brew, C. and Brown, R. M. and Calligaris, L. and Cieri, D. and Cockerill, D. J.A. and Coughlan, J. A. and Harder, K. and Harper, S. and Olaiya, E. and Petyt, D. and Shepherd-Themistocleous, C. H. and Thea, A. and Tomalin, I. R. and Williams, T. and Womersley, W. J. and Worm, S. D. and Baber, M. and Bainbridge, R. and Buchmuller, O. and Bundock, A. and Burton, D. and Casasso, S. and Citron, M. and Colling, D. and Corpe, L. and Cripps, N. and Dauncey, P. and Davies, G. and Wit, A. De and Negra, M. Della and Dunne, P. and Elwood, A. and Ferguson, W. and Fulcher, J. and Futyan, D. and Hall, G. and Iles, G. and Kenzie, M. and Lane, R. and Lucas, R. and Lyons, L. and Magnan, A. M. and Malik, S. and Nash, J. and Nikitenko, A. and Pela, J. and Pesaresi, M. and Petridis, K. and Raymond, D. M. and Richards, A. and Rose, A. and Seez, C. and Tapper, A. and Uchida, K. and Acosta, M. Vazquez and Virdee, T. and Zenz, S. C. and Cole, J. E. and Hobson, P. R. and Khan, A. and Kyberd, P. and Leggat, D. and Leslie, D. and Reid, I. D. and Symonds, P. and Teodorescu, L. and Turner, M. and Borzou, A. and Call, K. and Dittmann, J. and Hatakeyama, K. and Liu, H. and Pastika, N. and Charaf, O. and Cooper, S. I. and Henderson, C. and Rumerio, P. and Arcaro, D. and Avetisyan, A. and Bose, T. and Fantasia, C. and Gastler, D. and Lawson, P. and Rankin, D. and Richardson, C. and Rohlf, J. and John, J. St and Sulak, L. and Zou, D. and Alimena, J. and Berry, E. and Bhattacharya, S. and Cutts, D. and Dhingra, N. and Ferapontov, A. and Garabedian, A. and Hakala, J. and Heintz, U. and Laird, E. and Landsberg, G. and Mao, Z. and Narain, M. and Piperov, S. and Sagir, S. and Syarif, R. and Breedon, R. and Breto, G. and Sanchez, M. Calderon De La Barca and Chauhan, S. and Chertok, M. and Conway, J. and Conway, R. and Cox, P. T. and Erbacher, R. and Gardner, M. and Ko, W. and Lander, R. and Mulhearn, M. and Pellett, D. and Pilot, J. and Ricci-Tam, F. and Shalhout, S. and Smith, J. and Squires, M. and Stolp, D. and Tripathi, M. and Wilbur, S. and Yohay, R. and Cousins, R. and Everaerts, P. and Farrell, C. and Hauser, J. and Ignatenko, M. and Saltzberg, D. and Takasugi, E. and Valuev, V. and Weber, M. and Burt, K. and Clare, R. and Ellison, J. and Gary, J. W. and Hanson, G. and Heilman, J. and Paneva, M. Ivova and Jandir, P. and Kennedy, E. and Lacroix, F. and Long, O. R. and Luthra, A. and Malberti, M. and Negrete, M. Olmedo and Shrinivas, A. and Wei, H. and Wimpenny, S. and Yates, B. R. and Branson, J. G. and Cerati, G. B. and Cittolin, S. and D'Agnolo, R. T. and Derdzinski, M. and Holzner, A. and Kelley, R. and Klein, D. and Letts, J. and Macneill, I. and Olivito, D. and Padhi, S. and Pieri, M. and Sani, M. and Sharma, V. and Simon, S. and Tadel, M. and Vartak, A. and Wasserbaech, S. and Welke, C. and W{\"{u}}rthwein, F. and Yagil, A. and Porta, G. Zevi Della and Bradmiller-Feld, J. and Campagnari, C. and Dishaw, A. and Dutta, V. and Flowers, K. and Sevilla, M. Franco and Geffert, P. and George, C. and Golf, F. and Gouskos, L. and Gran, J. and Incandela, J. and McColl, N. and Mullin, S. D. and Richman, J. and Stuart, D. and Suarez, I. and West, C. and Yoo, J. and Anderson, D. and Apresyan, A. and Bornheim, A. and Bunn, J. and Chen, Y. and Duarte, J. and Mott, A. and Newman, H. B. and Pena, C. and Pierini, M. and Spiropulu, M. and Vlimant, J. R. and Xie, S. and Zhu, R. Y. and Andrews, M. B. and Azzolini, V. and Calamba, A. and Carlson, B. and Ferguson, T. and Paulini, M. and Russ, J. and Sun, M. and Vogel, H. and Vorobiev, I. and Cumalat, J. P. and Ford, W. T. and Gaz, A. and Jensen, F. and Johnson, A. and Krohn, M. and Mulholland, T. and Nauenberg, U. and Stenson, K. and Wagner, S. R. and Alexander, J. and Chatterjee, A. and Chaves, J. and Chu, J. and Dittmer, S. and Eggert, N. and Mirman, N. and Kaufman, G. Nicolas and Patterson, J. R. and Rinkevicius, A. and Ryd, A. and Skinnari, L. and Soffi, L. and Sun, W. and Tan, S. M. and Teo, W. D. and Thom, J. and Thompson, J. and Tucker, J. and Weng, Y. and Wittich, P. and Abdullin, S. and Albrow, M. and Anderson, J. and Apollinari, G. and Banerjee, S. and Bauerdick, L. A.T. and Beretvas, A. and Berryhill, J. and Bhat, P. C. and Bolla, G. and Burkett, K. and Butler, J. N. and Cheung, H. W.K. and Chlebana, F. and Cihangir, S. and Elvira, V. D. and Fisk, I. and Freeman, J. and Gottschalk, E. and Gray, L. and Green, D. and Gr{\"{u}}nendahl, S. and Gutsche, O. and Hanlon, J. and Hare, D. and Harris, R. M. and Hasegawa, S. and Hirschauer, J. and Hu, Z. and Jayatilaka, B. and Jindariani, S. and Johnson, M. and Joshi, U. and Jung, A. W. and Klima, B. and Kreis, B. and Kwan, S. and Lammel, S. and Linacre, J. and Lincoln, D. and Lipton, R. and Liu, T. and S{\'{a}}, R. Lopes De and Lykken, J. and Maeshima, K. and Marraffino, J. M. and Outschoorn, V. I.Martinez and Maruyama, S. and Mason, D. and McBride, P. and Merkel, P. and Mishra, K. and Mrenna, S. and Nahn, S. and Newman-Holmes, C. and O'Dell, V. and Pedro, K. and Prokofyev, O. and Rakness, G. and Sexton-Kennedy, E. and Soha, A. and Spalding, W. J. and Spiegel, L. and Taylor, L. and Tkaczyk, S. and Tran, N. V. and Uplegger, L. and Vaandering, E. W. and Vernieri, C. and Verzocchi, M. and Vidal, R. and Weber, H. A. and Whitbeck, A. and Yang, F. and Acosta, D. and Avery, P. and Bortignon, P. and Bourilkov, D. and Carnes, A. and Carver, M. and Curry, D. and Das, S. and Giovanni, G. P.Di and Field, R. D. and Furic, I. K. and Gleyzer, S. V. and Hugon, J. and Konigsberg, J. and Korytov, A. and Low, J. F. and Ma, P. and Matchev, K. and Mei, H. and Milenovic, P. and Mitselmakher, G. and Rank, D. and Rossin, R. and Shchutska, L. and Snowball, M. and Sperka, D. and Terentyev, N. and Thomas, L. and Wang, J. and Wang, S. and Yelton, J. and Hewamanage, S. and Linn, S. and Markowitz, P. and Martinez, G. and Rodriguez, J. L. and Ackert, A. and Adams, J. R. and Adams, T. and Askew, A. and Bochenek, J. and Diamond, B. and Haas, J. and Hagopian, S. and Hagopian, V. and Johnson, K. F. and Khatiwada, A. and Prosper, H. and Weinberg, M. and Baarmand, M. M. and Bhopatkar, V. and Colafranceschi, S. and Hohlmann, M. and Kalakhety, H. and Noonan, D. and Roy, T. and Yumiceva, F. and Adams, M. R. and Apanasevich, L. and Berry, D. and Betts, R. R. and Bucinskaite, I. and Cavanaugh, R. and Evdokimov, O. and Gauthier, L. and Gerber, C. E. and Hofman, D. J. and Kurt, P. and O'Brien, C. and Gonzalez, I. D.Sandoval and Silkworth, C. and Turner, P. and Varelas, N. and Wu, Z. and Zakaria, M. and Bilki, B. and Clarida, W. and Dilsiz, K. and Durgut, S. and Gandrajula, R. P. and Haytmyradov, M. and Khristenko, V. and Merlo, J. P. and Mermerkaya, H. and Mestvirishvili, A. and Moeller, A. and Nachtman, J. and Ogul, H. and Onel, Y. and Ozok, F. and Penzo, A. and Snyder, C. and Tiras, E. and Wetzel, J. and Yi, K. and Anderson, I. and Barnett, B. A. and Blumenfeld, B. and Eminizer, N. and Fehling, D. and Feng, L. and Gritsan, A. V. and Maksimovic, P. and Martin, C. and Osherson, M. and Roskes, J. and Sady, A. and Sarica, U. and Swartz, M. and Xiao, M. and Xin, Y. and You, C. and Baringer, P. and Bean, A. and Benelli, G. and Bruner, C. and Iii, R. P.Kenny and Majumder, D. and Malek, M. and Murray, M. and Sanders, S. and Stringer, R. and Wang, Q. and Ivanov, A. and Kaadze, K. and Khalil, S. and Makouski, M. and Maravin, Y. and Mohammadi, A. and Saini, L. K. and Skhirtladze, N. and Toda, S. and Lange, D. and Rebassoo, F. and Wright, D. and Anelli, C. and Baden, A. and Baron, O. and Belloni, A. and Calvert, B. and Eno, S. C. and Ferraioli, C. and Gomez, J. A. and Hadley, N. J. and Jabeen, S. and Kellogg, R. G. and Kolberg, T. and Kunkle, J. and Lu, Y. and Mignerey, A. C. and Shin, Y. H. and Skuja, A. and Tonjes, M. B. and Tonwar, S. C. and Apyan, A. and Barbieri, R. and Baty, A. and Bierwagen, K. and Brandt, S. and Busza, W. and Cali, I. A. and Demiragli, Z. and Matteo, L. Di and Ceballos, G. Gomez and Goncharov, M. and Gulhan, D. and Iiyama, Y. and Innocenti, G. M. and Klute, M. and Kovalskyi, D. and Lai, Y. S. and Lee, Y. J. and Levin, A. and Luckey, P. D. and Marini, A. C. and McGinn, C. and Mironov, C. and Narayanan, S. and Niu, X. and Paus, C. and Ralph, D. and Roland, C. and Roland, G. and Salfeld-Nebgen, J. and Stephans, G. S.F. and Sumorok, K. and Varma, M. and Velicanu, D. and Veverka, J. and Wang, J. and Wang, T. W. and Wyslouch, B. and Yang, M. and Zhukova, V. and Dahmes, B. and Evans, A. and Finkel, A. and Gude, A. and Hansen, P. and Kalafut, S. and Kao, S. C. and Klapoetke, K. and Kubota, Y. and Lesko, Z. and Mans, J. and Nourbakhsh, S. and Ruckstuhl, N. and Rusack, R. and Tambe, N. and Turkewitz, J. and Acosta, J. G. and Oliveros, S. and Avdeeva, E. and Bloom, K. and Bose, S. and Claes, D. R. and Dominguez, A. and Fangmeier, C. and Suarez, R. Gonzalez and Kamalieddin, R. and Keller, J. and Knowlton, D. and Kravchenko, I. and Meier, F. and Monroy, J. and Ratnikov, F. and Siado, J. E. and Snow, G. R. and Alyari, M. and Dolen, J. and George, J. and Godshalk, A. and Harrington, C. and Iashvili, I. and Kaisen, J. and Kharchilava, A. and Kumar, A. and Rappoccio, S. and Roozbahani, B. and Alverson, G. and Barberis, E. and Baumgartel, D. and Chasco, M. and Hortiangtham, A. and Massironi, A. and Morse, D. M. and Nash, D. and Orimoto, T. and Lima, R. Teixeira De and Trocino, D. and Wang, R. J. and Wood, D. and Zhang, J. and Hahn, K. A. and Kubik, A. and Mucia, N. and Odell, N. and Pollack, B. and Pozdnyakov, A. and Schmitt, M. and Stoynev, S. and Sung, K. and Trovato, M. and Velasco, M. and Brinkerhoff, A. and Dev, N. and Hildreth, M. and Jessop, C. and Karmgard, D. J. and Kellams, N. and Lannon, K. and Lynch, S. and Marinelli, N. and Meng, F. and Mueller, C. and Musienko, Y. and Pearson, T. and Planer, M. and Reinsvold, A. and Ruchti, R. and Smith, G. and Taroni, S. and Valls, N. and Wayne, M. and Wolf, M. and Woodard, A. and Antonelli, L. and Brinson, J. and Bylsma, B. and Durkin, L. S. and Flowers, S. and Hart, A. and Hill, C. and Hughes, R. and Ji, W. and Kotov, K. and Ling, T. Y. and Liu, B. and Luo, W. and Puigh, D. and Rodenburg, M. and Winer, B. L. and Wulsin, H. W. and Driga, O. and Elmer, P. and Hardenbrook, J. and Hebda, P. and Koay, S. A. and Lujan, P. and Marlow, D. and Medvedeva, T. and Mooney, M. and Olsen, J. and Palmer, C. and Pirou{\'{e}}, P. and Saka, H. and Stickland, D. and Tully, C. and Zuranski, A. and Malik, S. and Barnes, V. E. and Benedetti, D. and Bortoletto, D. and Gutay, L. and Jha, M. K. and Jones, M. and Jung, K. and Miller, D. H. and Neumeister, N. and Radburn-Smith, B. C. and Shi, X. and Shipsey, I. and Silvers, D. and Sun, J. and Svyatkovskiy, A. and Wang, F. and Xie, W. and Xu, L. and Parashar, N. and Stupak, J. and Adair, A. and Akgun, B. and Chen, Z. and Ecklund, K. M. and Geurts, F. J.M. and Guilbaud, M. and Li, W. and Michlin, B. and Northup, M. and Padley, B. P. and Redjimi, R. and Roberts, J. and Rorie, J. and Tu, Z. and Zabel, J. and Betchart, B. and Bodek, A. and {De Barbaro}, P. and Demina, R. and Eshaq, Y. and Ferbel, T. and Galanti, M. and Garcia-Bellido, A. and Han, J. and Harel, A. and Hindrichs, O. and Khukhunaishvili, A. and Petrillo, G. and Tan, P. and Verzetti, M. and Arora, S. and Barker, A. and Chou, J. P. and Contreras-Campana, C. and Contreras-Campana, E. and Duggan, D. and Ferencek, D. and Gershtein, Y. and Gray, R. and Halkiadakis, E. and Hidas, D. and Hughes, E. and Kaplan, S. and Elayavalli, R. Kunnawalkam and Lath, A. and Nash, K. and Panwalkar, S. and Park, M. and Salur, S. and Schnetzer, S. and Sheffield, D. and Somalwar, S. and Stone, R. and Thomas, S. and Thomassen, P. and Walker, M. and Foerster, M. and Riley, G. and Rose, K. and Spanier, S. and York, A. and Bouhali, O. and Hernandez, A. Castaneda and Dalchenko, M. and Mattia, M. De and Delgado, A. and Dildick, S. and Eusebi, R. and Gilmore, J. and Kamon, T. and Krutelyov, V. and Mueller, R. and Osipenkov, I. and Pakhotin, Y. and Patel, R. and Perloff, A. and Rose, A. and Safonov, A. and Tatarinov, A. and Ulmer, K. A. and Akchurin, N. and Cowden, C. and Damgov, J. and Dragoiu, C. and Dudero, P. R. and Faulkner, J. and Kunori, S. and Lamichhane, K. and Lee, S. W. and Libeiro, T. and Undleeb, S. and Volobouev, I. and Appelt, E. and Delannoy, A. G. and Greene, S. and Gurrola, A. and Janjam, R. and Johns, W. and Maguire, C. and Mao, Y. and Melo, A. and Ni, H. and Sheldon, P. and Snook, B. and Tuo, S. and Velkovska, J. and Xu, Q. and Arenton, M. W. and Cox, B. and Francis, B. and Goodell, J. and Hirosky, R. and Ledovskoy, A. and Li, H. and Lin, C. and Neu, C. and Sinthuprasith, T. and Sun, X. and Wang, Y. and Wolfe, E. and Wood, J. and Xia, F. and Clarke, C. and Harr, R. and Karchin, P. E. and Don, C. Kottachchi Kankanamge and Lamichhane, P. and Sturdy, J. and Belknap, D. A. and Carlsmith, D. and Cepeda, M. and Dasu, S. and Dodd, L. and Duric, S. and Gomber, B. and Grothe, M. and Hall-Wilton, R. and Herndon, M. and Herv{\'{e}}, A. and Klabbers, P. and Lanaro, A. and Levine, A. and Long, K. and Loveless, R. and Mohapatra, A. and Ojalvo, I. and Perry, T. and Pierro, G. A. and Polese, G. and Ruggles, T. and Sarangi, T. and Savin, A. and Sharma, A. and Smith, N. and Smith, W. H. and Taylor, D. and Woods, N.},
doi = {10.1088/1748-0221/12/01/P01020},
eprint = {1609.02366},
issn = {17480221},
journal = {Journal of Instrumentation},
keywords = {Data acquisition circuits,Trigger concepts and systems (hardware and softwar,Trigger detectors},
title = {{The CMS trigger system}},
year = {2017}
}
@article{sf-an,
author = {Zeid, Shimaa Abu and Andrea, Jeremy and Aubin, Alexandre and Baskakov, Alexey and Bloch, Daniel and Buttignol, Michael and Caudron, Adrien and Et, Al},
journal = {CMS Analysis Note 2016/036, CMS},
keywords = {CMS,CMS AN-16-036},
mendeley-tags = {CMS AN-16-036},
title = {{Performance of b-tagging algorithms at 13 TeV}},
year = {2016}
}
@article{dragan,
abstract = {We propose studying GAN training dynamics as regret minimization, which is in contrast to the popular view that there is consistent minimization of a divergence between real and generated distributions. We analyze the convergence of GAN training from this new point of view to understand why mode collapse happens. We hypothesize the existence of undesirable local equilibria in this non-convex game to be responsible for mode collapse. We observe that these local equilibria often exhibit sharp gradients of the discriminator function around some real data points. We demonstrate that these degenerate local equilibria can be avoided with a gradient penalty scheme called DRAGAN. We show that DRAGAN enables faster training, achieves improved stability with fewer mode collapses, and leads to generator networks with better modeling performance across a variety of architectures and objective functions.},
archivePrefix = {arXiv},
arxivId = {1705.07215},
author = {Kodali, Naveen and Abernethy, Jacob and Hays, James and Kira, Zsolt},
eprint = {1705.07215},
file = {:home/djschmidt/.local/share/data/Mendeley Ltd./Mendeley Desktop/Downloaded/Kodali et al. - 2017 - On Convergence and Stability of GANs.pdf:pdf},
month = {may},
title = {{On Convergence and Stability of GANs}},
url = {http://arxiv.org/abs/1705.07215},
year = {2017}
}
@article{skopt,
author = {Head, Tim and MechCoder and Louppe, Gilles and Shcherbatyi, Iaroslav and Fcharras and Vin{\'{i}}cius, Z{\'{e}} and Cmmalone and Schr{\"{o}}der, Christopher and Nel215 and Campos, Nuno and Young, Todd and Cereda, Stefano and Fan, Thomas and Rene-rex and Shi, Kejia (KJ) and Schwabedal, Justus and Carlosdanielcsantos and Hvass-Labs and Pak, Mikhail and SoManyUsernamesTaken and Callaway, Fred and Est{\`{e}}ve, Lo{\"{i}}c and Besson, Lilian and Cherti, Mehdi and Pfannschmidt, Karlson and Linzberger, Fabian and Cauet, Christophe and Gut, Anna and Mueller, Andreas and Fabisch, Alexander},
doi = {10.5281/ZENODO.1207017},
month = {mar},
title = {scikit-optimize/scikit-optimize: v0.5.2},
url = {https://zenodo.org/record/1207017{\#}.W8Hq5nUza00},
year = {2018}
}
@article{Opher2013,
annote = {Wirtz, 65},
author = {Opher, M. and Prested, C. and McComas, D. J. and Schwadron, N. A. and Drake, J. F.},
doi = {10.1088/2041-8205/776/2/L32},
file = {:home/djschmidt/.local/share/data/Mendeley Ltd./Mendeley Desktop/Downloaded/Opher et al. - 2013 - PROBING THE NATURE OF THE HELIOSHEATH WITH THE NEUTRAL ATOM SPECTRA MEASURED BY iIBEXi IN THE iVOYAGER 1i DIRECTIO.pdf:pdf},
issn = {2041-8205},
journal = {The Astrophysical Journal},
month = {oct},
number = {2},
pages = {L32},
publisher = {IOP Publishing},
title = {{Probing the nature of the heliosheath with the neutral atom spectra measured by IBEX in the voyager 1 direction}},
url = {http://stacks.iop.org/2041-8205/776/i=2/a=L32?key=crossref.34d8de48259eb74b99f26987231ce3d1},
volume = {776},
year = {2013}
}
@article{Letessier-Selvon2011,
abstract = {This is a review of the most resent results from the investigation of the ultrahigh energy cosmic rays, particles of energy exceeding 1018eV. After a general introduction to the topic and a brief review of the lower energy cosmic rays and the detection methods, the two most recent experiments, the High Resolution Fly's Eye and the Southern Auger Observatory, are described. Results from these two experiments on the cosmic ray energy spectrum, the chemical composition of these cosmic rays, and searches for their sources are presented. An analysis of the controversies in these results and the projects in development and construction that can help solve the remaining problems with these particles is also presented.},
archivePrefix = {arXiv},
arxivId = {astro-ph.HE/1103.0031},
author = {Letessier-Selvon, Antoine and Stanev, Todor},
doi = {10.1103/RevModPhys.83.907},
eprint = {1103.0031},
isbn = {0034-6861$\backslash$n1539-0756},
issn = {00346861},
journal = {Reviews of Modern Physics},
primaryClass = {astro-ph.HE},
title = {{Ultrahigh energy cosmic rays}},
year = {2011}
}
@article{like-bf2,
abstract = {Not Available},
archivePrefix = {arXiv},
arxivId = {10.1103/PhysRevLett.13.508},
author = {Higgs, Peter W.},
doi = {10.1103/PhysRevLett.13.508},
eprint = {PhysRevLett.13.508},
isbn = {0031-9007},
issn = {00319007},
journal = {Physical Review Letters},
primaryClass = {10.1103},
title = {{Broken symmetries and the masses of gauge bosons}},
year = {1964}
}
@article{esf35,
abstract = {Searches for point astrophysical sources of ultra high energy (UHE) gamma rays are plagued by large numbers of background events from isotropic cosmic rays. Some of the methods that have been used to estimate the expected number of background events coming from the direction of a possible source are found to contain biases. Search techniques that avoid this problem are described. There is also a discussion of how to optimize the sensitivity of a search to emission from a point source. {\textcopyright} 1993.},
author = {Alexandreas, D. E. and Berley, D. and Biller, S. and Dion, G. M. and Goodman, J. A. and Haines, T. J. and Hoffman, C. M. and Horch, E. and Lu, X. Q. and Sinnis, C. and Yodh, G. B. and Zhang, W.},
doi = {10.1016/0168-9002(93)90677-A},
issn = {01689002},
journal = {Nuclear Inst. and Methods in Physics Research, A},
month = {may},
number = {3},
pages = {570--577},
publisher = {North-Holland},
title = {{Point source search techniques in ultra high energy gamma ray astronomy}},
url = {https://www.sciencedirect.com/science/article/pii/016890029390677A},
volume = {328},
year = {1993}
}
@article{like-eg7,
abstract = {Within the standard three-neutrino framework, the absolute neutrino masses and their ordering (either normal, NO, or inverted, IO) are currently unknown. However, the combination of current data coming from oscillation experiments, neutrinoless double beta decay searches, and cosmological surveys, can provide interesting constraints for such unknowns in the sub-eV mass range, down to O(0.1) eV in some cases. We discuss current limits on absolute neutrino mass observables by performing a global data analysis, that includes the latest results from oscillation experiments, neutrinoless double beta decay bounds from the KamLAND-Zen experiment, and constraints from representative combinations of Planck measurements and other cosmological data sets. In general, NO appears to be somewhat favored with respect to IO at the level of {\~{}}2 sigma, mainly by neutrino oscillation data (especially atmospheric), corroborated by cosmological data in some cases. Detailed constraints are obtained via the chi{\^{}}2 method, by expanding the parameter space either around separate minima in NO and IO, or around the absolute minimum in any ordering. Implications for upcoming oscillation and non-oscillation neutrino experiments, including beta-decay searches, are also discussed.},
archivePrefix = {arXiv},
arxivId = {1703.04471},
author = {Capozzi, Francesco and {Di Valentino}, Eleonora and Lisi, Eligio and Marrone, Antonio and Melchiorri, Alessandro and Palazzo, Antonio},
doi = {10.1103/PhysRevD.95.096014},
eprint = {1703.04471},
isbn = {9780735415775},
issn = {24700029},
journal = {Physical Review D},
title = {{Global constraints on absolute neutrino masses and their ordering}},
year = {2017}
}
@article{fisher-trafo,
author = {Fisher},
journal = {Metron},
title = {{On the probable error of a coefficient of correlation deduced from a small sample}},
volume = {1},
year = {1921}
}
@article{cnn,
abstract = {The ability of learning networks to generalize can be greatly enhanced by providing constraints from the task domain. This paper demonstrates how such constraints can be integrated into a backpropagation network through the architecture of the network. This approach has been successfully applied to the recognition of handwritten zip code digits provided by the US Postal Service. A single network learns the entire recognition operation, going from the normalized image of the character to the final classification.},
author = {LeCun, Y. and Boser, B. and Denker, J. S. and Henderson, D. and Howard, R. E. and Hubbard, W. and Jackel, L. D.},
doi = {10.1162/neco.1989.1.4.541},
isbn = {0899-7667},
issn = {0899-7667},
journal = {Neural Computation},
pmid = {1000111957},
title = {{Backpropagation Applied to Handwritten Zip Code Recognition}},
year = {1989}
}
@article{like-bf30,
abstract = {The present Compact Muon Solenoid silicon pixel tracking system has been designed for a peak luminosity of 1034cm-2s-1 and total dose corresponding to two years of the Large Hadron Collider (LHC) operation. With the steady increase of the luminosity expected at the LHC, a new pixel detector with four barrel layers and three endcap disks is being designed. We will present the key points of the design: the new geometry, which minimizes the material budget and increases the tracking points, and the development of a fast digital readout architecture, which ensures readout efficiency even at high rate. The expected performances for tracking and vertexing of the new pixel detector are also addressed.},
archivePrefix = {arXiv},
arxivId = {1110.2125},
author = {Parashar, N.},
eprint = {1110.2125},
file = {:home/djschmidt/.local/share/data/Mendeley Ltd./Mendeley Desktop/Downloaded/Parashar - 2011 - CMS Pixel Detector Upgrade(2).pdf:pdf},
month = {oct},
title = {{CMS Pixel Detector Upgrade}},
url = {http://arxiv.org/abs/1110.2125},
year = {2011}
}
@article{cms-eventgen,
abstract = {Recently the collider physics community has seen significant advances in the formalisms and implementations of event generators. This review is a primer of the methods commonly used for the simulation of high energy physics events at particle colliders. We provide brief descriptions, references, and links to the specific computer codes which implement the methods. The aim is to provide an overview of the available tools, allowing the reader to ascertain which tool is best for a particular application, but also making clear the limitations of each tool.},
archivePrefix = {arXiv},
arxivId = {hep-ph/0403045},
author = {Dobbs, M. A. and Frixione, S. and Laenen, E. and Tollefson, K. and Baer, H. and Boos, E. and Cox, B. and Engel, R. and Giele, W. and Huston, J. and Ilyin, S. and Kersevan, B. and Krauss, F. and Kurihara, Y. and Lonnblad, L. and Maltoni, F. and Mangano, M. and Odaka, S. and Richardson, P. and Ryd, A. and Sjostrand, T. and Skands, P. and Was, Z. and Webber, B. R. and Zeppenfeld, D.},
eprint = {0403045},
file = {:home/djschmidt/.local/share/data/Mendeley Ltd./Mendeley Desktop/Downloaded/Dobbs et al. - 2004 - Les Houches Guidebook to Monte Carlo Generators for Hadron Collider Physics.pdf:pdf},
month = {mar},
primaryClass = {hep-ph},
title = {{Les Houches Guidebook to Monte Carlo Generators for Hadron Collider Physics}},
url = {http://arxiv.org/abs/hep-ph/0403045},
year = {2004}
}
@article{like-bf41,
author = {Chatrchyan, S. and Khachatryan, V. and Sirunyan, A. M. and Tumasyan, A. and Adam, W. and Bergauer, T. and Dragicevic, M. and Er{\"{o}}, J. and Fabjan, C. and Friedl, M. and Fr{\"{u}}hwirth, R. and Ghete, V. M. and Hammer, J. and Hoch, M. and H{\"{o}}rmann, N. and Hrubec, J. and Jeitler, M. and Kiesenhofer, W. and Krammer, M.},
doi = {10.1088/1748-0221/7/10/P10002},
issn = {17480221},
journal = {Journal of Instrumentation},
keywords = {Large detector-systems performance,Muon spectrometers,Particle identification methods,Particle tracking detectors,Particle tracking detectors (Gaseous detectors),Performance of High Energy Physics Detectors,Simulation methods and programs},
title = {{Performance of CMS muon reconstruction in pp collision events at sqrt(s) = 7TeV}},
year = {2012}
}
@article{cms-fastsim,
author = {Abdullin, S and Azzi, P and Beaudette, F and Janot, P and Perrotta, A and Collaboration, the CMS},
doi = {10.1088/1742-6596/331/3/032049},
file = {:home/djschmidt/.local/share/data/Mendeley Ltd./Mendeley Desktop/Downloaded/Abdullin et al. - 2011 - The Fast Simulation of the CMS Detector at LHC.pdf:pdf},
issn = {1742-6596},
journal = {Journal of Physics: Conference Series},
month = {dec},
number = {3},
pages = {032049},
publisher = {IOP Publishing},
title = {{The Fast Simulation of the CMS Detector at LHC}},
url = {http://stacks.iop.org/1742-6596/331/i=3/a=032049?key=crossref.448c45ea21a59a2d6b8b0dced3888354},
volume = {331},
year = {2011}
}
@article{Matthews2005,
abstract = {A simple, semi-empirical model is used to develop the hadronic portion of air showers in a manner analogous to the well-known Heitler splitting approximation of electromagnetic cascades. Various characteristics of EAS are plainly exhibited with numerical predictions in good accord with detailed Monte Carlo simulations and with data. Results for energy reconstruction, muon and electron sizes, the elongation rate, and for the effects of the atomic number of the primary are discussed. {\textcopyright} 2004 Elsevier B.V. rights reserved.},
annote = {similar to Wirtz, 26},
author = {Matthews, J.},
doi = {10.1016/j.astropartphys.2004.09.003},
file = {:home/djschmidt/.local/share/data/Mendeley Ltd./Mendeley Desktop/Downloaded/Matthews - 2004 - A Heitler model of extensive air showers.pdf:pdf},
isbn = {09276505},
issn = {09276505},
journal = {Astroparticle Physics},
keywords = {Cosmic rays,Extensive air showers,Simulations},
number = {5-6},
pages = {387--397},
title = {{A Heitler model of extensive air showers}},
volume = {22},
year = {2005}
}
@article{Abraham2010,
abstract = {The Pierre Auger Observatory is a hybrid detector for ultra-high energy cosmic rays. It combines a surface array to measure secondary particles at ground level together with a fluorescence detector to measure the development of air showers in the atmosphere above the array. The fluorescence detector comprises 24 large telescopes specialized for measuring the nitrogen fluorescence caused by charged particles of cosmic ray air showers. In this paper we describe the components of the fluorescence detector including its optical system, the design of the camera, the electronics, and the systems for relative and absolute calibration. We also discuss the operation and the monitoring of the detector. Finally, we evaluate the detector performance and precision of shower reconstructions. {\textcopyright} 2010 Elsevier B.V. All rights reserved.},
annote = {Wirtz, 34},
archivePrefix = {arXiv},
arxivId = {0907.4282},
author = {Abraham, J. and Abreu, P. and Aglietta, M. and Aguirre, C. and Ahn, E. J. and Allard, D. and Allekotte, I. and Allen, J. and Allison, P. and Alvarez-Muiz, J. and Ambrosio, M. and Anchordoqui, L. and Andringa, S. and Anzalone, A. and Aramo, C. and Arganda, E. and Argir, S. and Arisaka, K. and Arneodo, F. and Arqueros, F. and Asch, T. and Asorey, H. and Assis, P. and Aublin, J. and Ave, M. and Avila, G. and Bacher, A. and Bcker, T. and Badagnani, D. and Barber, K. B. and Barbosa, A. F. and Barbosa, H. J.M. and Barenthien, N. and Barroso, S. L.C. and Baughman, B. and Bauleo, P. and Beatty, J. J. and Beau, T. and Becker, B. R. and Becker, K. H. and Belltoile, A. and Bellido, J. A. and Benzvi, S. and Berat, C. and Bernardini, P. and Bertou, X. and Biermann, P. L. and Billoir, P. and Blanch-Bigas, O. and Blanco, F. and Bleve, C. and Blmer, H. and Bohov, M. and Bollmann, E. and Bolz, H. and Bonifazi, C. and Bonino, R. and Borodai, N. and Bracci, F. and Brack, J. and Brogueira, P. and Brown, W. C. and Bruijn, R. and Buchholz, P. and Bueno, A. and Burton, R. E. and Busca, N. G. and Caballero-Mora, K. S. and Camin, D. and Caramete, L. and Caruso, R. and Carvalho, W. and Castellina, A. and Castro, J. and Catalano, O. and Cazon, L. and Cester, R. and Chauvin, J. and Chiavassa, A. and Chinellato, J. A. and Chou, A. and Chudoba, J. and Chye, J. and Clark, P. D.J. and Clay, R. W. and Colombo, E. and Conceio, R. and Connolly, B. and Contreras, F. and Coppens, J. and Cordero, A. and Cordier, A. and Cotti, U. and Coutu, S. and Covault, C. E. and Creusot, A. and Criss, A. and Cronin, J. W. and Cuautle, J. and Curutiu, A. and Dagoret-Campagne, S. and Dallier, R. and Daudo, F. and Daumiller, K. and Dawson, B. R. and {De Almeida}, R. M. and {De Domenico}, M. and {De Donato}, C. and {De Jong}, S. J. and {De La Vega}, G. and {De Mello Junior}, W. J.M. and {De Mello Neto}, J. R.T. and {De Mitri}, I. and {De Souza}, V. and {De Vries}, K. D. and Decerprit, G. and {Del Peral}, L. and Deligny, O. and {Della Selva}, A. and {Delle Fratte}, C. and Dembinski, H. and {Di Giulio}, C. and Diaz, J. C. and Diep, P. N. and Dobrigkeit, C. and D'Olivo, J. C. and Dong, P. N. and Dornic, D. and Dorofeev, A. and {Dos Anjos}, J. C. and Dova, M. T. and D'Urso, D. and Dutan, I. and Duvernois, M. A. and Engel, R. and Erdmann, M. and Escobar, C. O. and Etchegoyen, A. and {Facal San Luis}, P. and Falcke, H. and Farrar, G. and Fauth, A. C. and Fazzini, N. and Ferrer, F. and Ferrero, A. and Fick, B. and Filevich, A. and Filipi, A. and Fleck, I. and Fliescher, S. and Fonte, R. and Fracchiolla, C. E. and Fraenkel, E. D. and Fulgione, W. and Gamarra, R. F. and Gambetta, S. and Garca, B. and {Garca Gmez}, D. and Garcia-Pinto, D. and Garrido, X. and Geenen, H. and Gelmini, G. and Gemmeke, H. and Ghia, P. L. and Giaccari, U. and Gibbs, K. and Giller, M. and Gitto, J. and Glass, H. and Goggin, L. M. and Gold, M. S. and Golup, G. and {Gomez Albarracin}, F. and {Gmez Berisso}, M. and {Gomez Vitale}, P. F. and Gonalves, P. and {Gonalves Do Amaral}, M. and Gonzalez, D. and Gonzalez, J. G. and Gra, D. and Gorgi, A. and Gouffon, P. and Grashorn, E. and Grassi, V. and Grebe, S. and Grigat, M. and Grillo, A. F. and Grygar, J. and Guardincerri, Y. and Guardone, N. and Guerard, C. and Guarino, F. and Gumbsheimer, R. and Guedes, G. P. and Gutirrez, J. and Hague, J. D. and Halenka, V. and Hansen, P. and Harari, D. and Harmsma, S. and Hartmann, S. and Harton, J. L. and Haungs, A. and Healy, M. D. and Hebbeker, T. and Hebrero, G. and Heck, D. and Hojvat, C. and Holmes, V. C. and Homola, P. and Hofman, G. and Hrandel, J. R. and Horneffer, A. and Horvat, M. and Hrabovsk, M. and Hucker, H. and Huege, T. and Hussain, M. and Iarlori, M. and Insolia, A. and Ionita, F. and Italiano, A. and Jiraskova, S. and Kaducak, M. and Kampert, K. H. and Karova, T. and Kasper, P. and Kgl, B. and Keilhauer, B. and Kemp, E. and Kern, H. and Kieckhafer, R. M. and Klages, H. O. and Kleifges, M. and Kleinfeller, J. and Knapik, R. and Knapp, J. and Koang, D. H. and Kopmann, A. and Krieger, A. and Krmer, O. and Kruppke-Hansen, D. and Kuempel, D. and Kunka, N. and Kusenko, A. and {La Rosa}, G. and Lachaud, C. and Lago, B. L. and Lautridou, P. and Leo, M. S.A.B. and Lebrun, D. and Lebrun, P. and Lee, J. and {Leigui De Oliveira}, M. A. and Lemiere, A. and Letessier-Selvon, A. and Leuthold, M. and Lhenry-Yvon, I. and Lpez, R. and {Lopez Agera}, A. and Louedec, K. and {Lozano Bahilo}, J. and Lucero, A. and Lyberis, H. and MacCarone, M. C. and MacOlino, C. and Maldera, S. and Malek, M. and Mandat, D. and Mantsch, P. and Marchetto, F. and Mariazzi, A. G. and Maris, I. C. and {Marquez Falcon}, H. R. and Martello, D. and Martineau, O. and {Martnez Bravo}, O. and Mathes, H. J. and Matthews, J. and Matthews, J. A.J. and Matthiae, G. and Maurizio, D. and Mazur, P. O. and McEwen, M. and McNeil, R. R. and Medina-Tanco, G. and Melissas, M. and Melo, D. and Menichetti, E. and Menshikov, A. and Meyhandan, R. and Micheletti, M. I. and Miele, G. and Miller, W. and Miramonti, L. and Mollerach, S. and Monasor, M. and {Monnier Ragaigne}, D. and Montanet, F. and Morales, B. and Morello, C. and Moreno, J. C. and Morris, C. and Mostaf, M. and Moura, C. A. and Mucchi, M. and Mueller, S. and Muller, M. A. and Mussa, R. and Navarra, G. and Navarro, J. L. and Navas, S. and Necesal, P. and Nellen, L. and Nerling, F. and Newman-Holmes, C. and Newton, D. and Nhung, P. T. and Nicotra, D. and Nierstenhoefer, N. and Nitz, D. and Nosek, D. and Noka, L. and Nyklicek, M. and Oehlschlger, J. and Olinto, A. and Oliva, P. and Olmos-Gilbaja, V. M. and Ortiz, M. and Ortolani, F. and O{\ss}wald, B. and Pacheco, N. and {Pakk Selmi-Dei}, D. and Palatka, M. and Pallotta, J. and Parente, G. and Parizot, E. and Parlati, S. and Pastor, S. and Patel, M. and Paul, T. and Pavlidou, V. and Payet, K. and Pech, M. and Pȩkala, J. and Pepe, I. M. and Perrone, L. and Pesce, R. and Petermann, E. and Petrera, S. and Petrinca, P. and Petrolini, A. and Petrov, Y. and Petrovic, J. and Pfendner, C. and Pichel, A. and Piegaia, R. and Pierog, T. and Pimenta, M. and Pinto, T. and Pirronello, V. and Pisanti, O. and Platino, M. and Pochon, J. and Ponce, V. H. and Pontz, M. and Pouryamout, J. and Prado, L. and Privitera, P. and Prouza, M. and Quel, E. J. and Raia, G. and Rautenberg, J. and Ravel, O. and Ravignani, D. and Redondo, A. and Reis, H. C. and Reucroft, S. and Revenu, B. and Rezende, F. A.S. and Ridky, J. and Riggi, S. and Risse, M. and Rivire, C. and Rizi, V. and Robledo, C. and Roberts, M. D. and Rodriguez, G. and {Rodriguez Martino}, J. and {Rodriguez Rojo}, J. and Rodriguez-Cabo, I. and Rodrguez-Fras, M. D. and Ros, G. and Rosado, J. and Rossler, T. and Roth, M. and Rouill-D'Orfeuil, B. and Roulet, E. and Rovero, A. C. and Salamida, F. and Salazar, H. and Salina, G. and Snchez, F. and Santander, M. and Santo, C. E. and Santos, E. M. and Sarazin, F. and Sarkar, S. and Sato, R. and Scharf, N. and Scherini, V. and Schieler, H. and Schiffer, P. and Schleif, G. and Schmidt, A. and Schmidt, F. and Schmidt, T. and Scholten, O. and Schoorlemmer, H. and Schovancova, J. and Schovnek, P. and Schroeder, F. and Schulte, S. and Schssler, F. and Schuster, D. and Sciutto, S. J. and Scuderi, M. and Segreto, A. and Semikoz, D. and Sequieros, G. and Settimo, M. and Shellard, R. C. and Sidelnik, I. and Siffert, B. B. and Smiakowski, A. and Mda, R. and Smith, A. G.K. and Smith, B. E. and Snow, G. R. and Sommers, P. and Sorokin, J. and Spinka, H. and Squartini, R. and Strazzeri, E. and Stutz, A. and Suarez, F. and Suomijrvi, T. and Supanitsky, A. D. and Sutherland, M. S. and Swain, J. and Szadkowski, Z. and Tamashiro, A. and Tamburro, A. and Tarutina, T. and Tacu, O. and Tcaciuc, R. and Tcherniakhovski, D. and Thao, N. T. and Thomas, D. and Ticona, R. and Tiffenberg, J. and Timmermans, C. and Tkaczyk, W. and {Todero Peixoto}, C. J. and Tom, B. and Tonachini, A. and Torres, I. and Trapani, P. and Travnicek, P. and Tridapalli, D. B. and Tristram, G. and Trovato, E. and Tuci, V. and Tueros, M. and Tusi, E. and Ulrich, R. and Unger, M. and Urban, M. and {Valds Galicia}, J. F. and Valio, I. and Valore, L. and {Van Den Berg}, A. M. and Vzquez, J. R. and Vzquez, R. A. and Veberi, D. and Velarde, A. and Venters, T. and Verzi, V. and Videla, M. and Villaseor, L. and Vitali, G. and Vorobiov, S. and Voyvodic, L. and Wahlberg, H. and Wahrlich, P. and Wainberg, O. and Warner, D. and Westerhoff, S. and Whelan, B. J. and Wild, N. and Wiebusch, C. and Wieczorek, G. and Wiencke, L. and Wilczyska, B. and Wilczyski, H. and Wileman, C. and Winnick, M. G. and Wrner, G. and Wu, H. and Wundheiler, B. and Yamamoto, T. and Younk, P. and Yuan, G. and Yushkov, A. and Zas, E. and Zavrtanik, D. and Zavrtanik, M. and Zaw, I. and Zepeda, A. and Ziolkowski, M.},
doi = {10.1016/j.nima.2010.04.023},
eprint = {0907.4282},
file = {:home/djschmidt/.local/share/data/Mendeley Ltd./Mendeley Desktop/Downloaded/Abraham et al. - 2010 - The fluorescence detector of the Pierre Auger Observatory.pdf:pdf},
isbn = {0168-9002},
issn = {01689002},
journal = {Nuclear Instruments and Methods in Physics Research, Section A: Accelerators, Spectrometers, Detectors and Associated Equipment},
keywords = {Cosmic rays,Fluorescence detector},
month = {aug},
number = {2-3},
pages = {227--251},
title = {{The fluorescence detector of the Pierre Auger Observatory}},
url = {http://linkinghub.elsevier.com/retrieve/pii/S0168900210008727},
volume = {620},
year = {2010}
}
@misc{law,
author = {Rieger, Marcel},
keywords = {python package},
mendeley-tags = {python package},
title = {{Law - Luigi Analysis Workflow}},
url = {https://github.com/riga/order},
year = {2017}
}
@article{heinit,
abstract = {Rectified activation units (rectifiers) are essential for state-of-the-art neural networks. In this work, we study rectifier neural networks for image classification from two aspects. First, we propose a Parametric Rectified Linear Unit (PReLU) that generalizes the traditional rectified unit. PReLU improves model fitting with nearly zero extra computational cost and little overfitting risk. Second, we derive a robust initialization method that particularly considers the rectifier nonlinearities. This method enables us to train extremely deep rectified models directly from scratch and to investigate deeper or wider network architectures. Based on our PReLU networks (PReLU-nets), we achieve 4.94{\%} top-5 test error on the ImageNet 2012 classification dataset. This is a 26{\%} relative improvement over the ILSVRC 2014 winner (GoogLeNet, 6.66{\%}). To our knowledge, our result is the first to surpass human-level performance (5.1{\%}, Russakovsky et al.) on this visual recognition challenge.},
archivePrefix = {arXiv},
arxivId = {1502.01852},
author = {He, Kaiming and Zhang, Xiangyu and Ren, Shaoqing and Sun, Jian},
eprint = {1502.01852},
file = {:home/djschmidt/.local/share/data/Mendeley Ltd./Mendeley Desktop/Downloaded/He et al. - 2015 - Delving Deep into Rectifiers Surpassing Human-Level Performance on ImageNet Classification.pdf:pdf},
month = {feb},
title = {{Delving Deep into Rectifiers: Surpassing Human-Level Performance on ImageNet Classification}},
url = {http://arxiv.org/abs/1502.01852},
year = {2015}
}
@techreport{like-bf1,
abstract = {The LHC Design Report is presented in three volumes: the first concerns the main ring, the second the infrastructure and general services and the third, the injector chain. The conceptual design was published in 1995 and this report provides a snapshot of the detailed design as it stands at the time of writing - early 2004.},
author = {Br{\"{u}}ning, Oliver Sim and Poole, John and Collier, Paul and Lebrun, P and Ostojic, Ranko and Myers, Stephen and Proudlock, Paul},
booktitle = {CERN, Geneva},
doi = {10.5170/CERN-2004-003-V-1},
isbn = {9789290832249},
title = {{LHC Design Report}},
year = {2004}
}
@article{Zatsepin1966,
abstract = {Not Available},
annote = {Wirtz, 18},
author = {Zatsepin, G. T. and Kuz'min, V. A.},
issn = {0021-3640},
journal = {Journal of Experimental and Theoretical Physics Letters},
pages = {78},
title = {{Upper Limit of the Spectrum of Cosmic Rays}},
url = {http://adsabs.harvard.edu/cgi-bin/nph-data{\_}query?bibcode=1966JETPL...4...78Z{\&}link{\_}type=EJOURNAL{\%}5Cn/Users/fe/Documents/Papers/1966/Zatsepin/Zatsepin-1966.pdf{\%}5Cnpapers://5e30743f-ff84-4008-a1ca-55c215b57c5c/Paper/p8869},
volume = {4},
year = {1966}
}
@misc{Collaboration,
abstract = {Contributions of the Pierre Auger Collaboration to the 35th International Cosmic Ray Conference (ICRC 2017), 12-20 July 2017, Bexco, Busan, Korea.},
annote = {Wirtz, 31},
archivePrefix = {arXiv},
arxivId = {1708.06592},
author = {{The Pierre Auger Collaboration} and Aab, A. and Abreu, P. and Aglietta, M. and Albuquerque, I. F. M. and Allekotte, I. and Almela, A. and Castillo, J. Alvarez and Alvarez-Mu{\~{n}}iz, J. and Anastasi, G. A. and Anchordoqui, L. and Andrada, B. and Andringa, S. and Aramo, C. and Arsene, N. and Asorey, H. and Assis, P. and Aublin, J. and Avila, G. and Badescu, A. M. and Balaceanu, A. and Barbato, F. and Luz, R. J. Barreira and Becker, K. H. and Bellido, J. A. and Berat, C. and Bertaina, M. E. and Bertou, X. and Biermann, P. L. and Biteau, J. and Blaess, S. G. and Blanco, A. and Blazek, J. and Bleve, C. and Boh{\'{a}}{\v{c}}ov{\'{a}}, M. and Boncioli, D. and Bonifazi, C. and Borodai, N. and Botti, A. M. and Brack, J. and Brancus, I. and Bretz, T. and Bridgeman, A. and Briechle, F. L. and Buchholz, P. and Bueno, A. and Buitink, S. and Buscemi, M. and Caballero-Mora, K. S. and Caccianiga, B. and Caccianiga, L. and Cancio, A. and Canfora, F. and Caramete, L. and Caruso, R. and Castellina, A. and Catalani, F. and Cataldi, G. and Cazon, L. and Chavez, A. G. and Chinellato, J. A. and Chudoba, J. and Clay, R. W. and Cobos, A. and Colalillo, R. and Coleman, A. and Collica, L. and Coluccia, M. R. and Concei{\c{c}}{\~{a}}o, R. and Consolati, G. and Consolati, G. and Contreras, F. and Cooper, M. J. and Coutu, S. and Covault, C. E. and Cronin, J. and D'Amico, S. and Daniel, B. and Dasso, S. and Daumiller, K. and Dawson, B. R. and de Almeida, R. M. and de Jong, S. J. and {De Mauro}, G. and Neto, J. R. T. de Mello and {De Mitri}, I. and de Oliveira, J. and de Souza, V. and Debatin, J. and Deligny, O. and Castro, M. L. D{\'{i}}az and Diogo, F. and Dobrigkeit, C. and D'Olivo, J. C. and Dorosti, Q. and dos Anjos, R. C. and Dova, M. T. and Dundovic, A. and Ebr, J. and Engel, R. and Erdmann, M. and Erfani, M. and Escobar, C. O. and Espadanal, J. and Etchegoyen, A. and Falcke, H. and Farmer, J. and Farrar, G. and Fauth, A. C. and Fazzini, N. and Fenu, F. and Fick, B. and Figueira, J. M. and Filip{\v{c}}i{\v{c}}, A. and Freire, M. M. and Fujii, T. and Fuster, A. and Ga{\"{i}}or, R. and Garc{\'{i}}a, B. and Gat{\'{e}}, F. and Gemmeke, H. and Gherghel-Lascu, A. and Ghia, P. L. and Giaccari, U. and Giammarchi, M. and Giller, M. and G{\l}as, D. and Glaser, C. and Golup, G. and Berisso, M. G{\'{o}}mez and Vitale, P. F. G{\'{o}}mez and Gonz{\'{a}}lez, N. and Gorgi, A. and Grillo, A. F. and Grubb, T. D. and Guarino, F. and Guedes, G. P. and Halliday, R. and Hampel, M. R. and Hansen, P. and Harari, D. and Harrison, T. A. and Haungs, A. and Hebbeker, T. and Heck, D. and Heimann, P. and Herve, A. E. and Hill, G. C. and Hojvat, C. and Holt, E. and Homola, P. and H{\"{o}}randel, J. R. and Horvath, P. and Hrabovsk{\'{y}}, M. and Huege, T. and Hulsman, J. and Insolia, A. and Isar, P. G. and Jandt, I. and Johnsen, J. A. and Josebachuili, M. and Jurysek, J. and K{\"{a}}{\"{a}}p{\"{a}}, A. and Kambeitz, O. and Kampert, K. H. and Keilhauer, B. and Kemmerich, N. and Kemp, E. and Kemp, J. and Kieckhafer, R. M. and Klages, H. O. and Kleifges, M. and Kleinfeller, J. and Krause, R. and Krohm, N. and Kuempel, D. and Mezek, G. Kukec and Kunka, N. and Awad, A. Kuotb and Lago, B. L. and LaHurd, D. and Lang, R. G. and Lauscher, M. and Legumina, R. and de Oliveira, M. A. Leigui and Letessier-Selvon, A. and Lhenry-Yvon, I. and Link, K. and Presti, D. Lo and Lopes, L. and L{\'{o}}pez, R. and Casado, A. L{\'{o}}pez and Lorek, R. and Luce, Q. and Lucero, A. and Malacari, M. and Mallamaci, M. and Mandat, D. and Mantsch, P. and Mariazzi, A. G. and Mariş, I. C. and Marsella, G. and Martello, D. and Martinez, H. and Bravo, O. Mart{\'{i}}nez and Meza, J. J. Mas{\'{i}}as and Mathes, H. J. and Mathys, S. and Matthiae, G. and Mayotte, E. and Mazur, P. O. and Medina, C. and Medina-Tanco, G. and Melo, D. and Menshikov, A. and Merenda, K. -D. and Michal, S. and Micheletti, M. I. and Middendorf, L. and Miramonti, L. and Mitrica, B. and Mockler, D. and Mollerach, S. and Montanet, F. and Morello, C. and Morlino, G. and Mostaf{\'{a}}, M. and M{\"{u}}ller, A. L. and M{\"{u}}ller, G. and Muller, M. A. and M{\"{u}}ller, S. and Mussa, R. and Naranjo, I. and Nellen, L. and Nguyen, P. H. and Niculescu-Oglinzanu, M. and Niechciol, M. and Niemietz, L. and Niggemann, T. and Nitz, D. and Nosek, D. and Novotny, V. and No{\v{z}}ka, L. and N{\'{u}}{\~{n}}ez, L. A. and Ochilo, L. and Oikonomou, F. and Olinto, A. and Palatka, M. and Pallotta, J. and Papenbreer, P. and Parente, G. and Parra, A. and Paul, T. and Pech, M. and Pedreira, F. and P{\c{e}}kala, J. and Pelayo, R. and Pe{\~{n}}a-Rodriguez, J. and Pereira, L. A. S. and Perlin, M. and Perrone, L. and Peters, C. and Petrera, S. and Phuntsok, J. and Piegaia, R. and Pierog, T. and Pimenta, M. and Pirronello, V. and Platino, M. and Plum, M. and Poh, J. and Porowski, C. and Prado, R. R. and Privitera, P. and Prouza, M. and Quel, E. J. and Querchfeld, S. and Quinn, S. and Ramos-Pollan, R. and Rautenberg, J. and Ravignani, D. and Ridky, J. and Riehn, F. and Risse, M. and Ristori, P. and Rizi, V. and de Carvalho, W. Rodrigues and Fernandez, G. Rodriguez and Rojo, J. Rodriguez and Roncoroni, M. J. and Roth, M. and Roulet, E. and Rovero, A. C. and Ruehl, P. and Saffi, S. J. and Saftoiu, A. and Salamida, F. and Salazar, H. and Saleh, A. and Salina, G. and S{\'{a}}nchez, F. and Sanchez-Lucas, P. and Santos, E. M. and Santos, E. and Sarazin, F. and Sarmento, R. and Sarmiento-Cano, C. and Sato, R. and Schauer, M. and Scherini, V. and Schieler, H. and Schimp, M. and Schmidt, D. and Scholten, O. and Schov{\'{a}}nek, P. and Schr{\"{o}}der, F. G. and Schr{\"{o}}der, S. and Schulz, A. and Schumacher, J. and Sciutto, S. J. and Segreto, A. and Shellard, R. C. and Sigl, G. and Silli, G. and {\v{S}}m{\'{i}}da, R. and Snow, G. R. and Sommers, P. and Sonntag, S. and Soriano, J. F. and Squartini, R. and Stanca, D. and Stani{\v{c}}, S. and Stasielak, J. and Stassi, P. and Stolpovskiy, M. and Strafella, F. and Streich, A. and Suarez, F. and Dur{\'{a}}n, M. Suarez and Sudholz, T. and Suomij{\"{a}}rvi, T. and Supanitsky, A. D. and {\v{S}}up{\'{i}}k, J. and Swain, J. and Szadkowski, Z. and Taboada, A. and Taborda, O. A. and Theodoro, V. M. and Timmermans, C. and Peixoto, C. J. Todero and Tomankova, L. and Tom{\'{e}}, B. and Elipe, G. Torralba and Travnicek, P. and Trini, M. and Ulrich, R. and Unger, M. and Urban, M. and Galicia, J. F. Vald{\'{e}}s and Vali{\~{n}}o, I. and Valore, L. and van Aar, G. and van Bodegom, P. and van den Berg, A. M. and van Vliet, A. and Varela, E. and C{\'{a}}rdenas, B. Vargas and V{\'{a}}zquez, R. A. and Veberi{\v{c}}, D. and Ventura, C. and Quispe, I. D. Vergara and Verzi, V. and Vicha, J. and Villase{\~{n}}or, L. and Vorobiov, S. and Wahlberg, H. and Wainberg, O. and Walz, D. and Watson, A. A. and Weber, M. and Weindl, A. and Wiede{\'{n}}ski, M. and Wiencke, L. and Wilczy{\'{n}}ski, H. and Winchen, T. and Wirtz, M. and Wittkowski, D. and Wundheiler, B. and Yang, L. and Yushkov, A. and Zas, E. and Zavrtanik, D. and Zavrtanik, M. and Zepeda, A. and Zimmermann, B. and Ziolkowski, M. and Zong, Z. and Zuccarello, F.},
booktitle = {A. Cobos 8 , R. Colalillo},
eprint = {1708.06592},
title = {{The Pierre Auger Observatory: Contributions to the 35th International Cosmic Ray Conference (ICRC 2017)}},
url = {http://arxiv.org/abs/1708.06592},
urldate = {2018-10-11},
volume = {63},
year = {2017}
}
@article{impwgan,
abstract = {Generative Adversarial Networks (GANs) are powerful generative models, but suffer from training instability. The recently proposed Wasserstein GAN (WGAN) makes progress toward stable training of GANs, but sometimes can still generate only low-quality samples or fail to converge. We find that these problems are often due to the use of weight clipping in WGAN to enforce a Lipschitz constraint on the critic, which can lead to undesired behavior. We propose an alternative to clipping weights: penalize the norm of gradient of the critic with respect to its input. Our proposed method performs better than standard WGAN and enables stable training of a wide variety of GAN architectures with almost no hyperparameter tuning, including 101-layer ResNets and language models over discrete data. We also achieve high quality generations on CIFAR-10 and LSUN bedrooms.},
archivePrefix = {arXiv},
arxivId = {1704.00028},
author = {Gulrajani, Ishaan and Ahmed, Faruk and Arjovsky, Martin and Dumoulin, Vincent and Courville, Aaron},
eprint = {1704.00028},
file = {:home/djschmidt/.local/share/data/Mendeley Ltd./Mendeley Desktop/Downloaded/Gulrajani et al. - 2017 - Improved Training of Wasserstein GANs(2).pdf:pdf},
month = {mar},
title = {{Improved Training of Wasserstein GANs}},
url = {http://arxiv.org/abs/1704.00028},
year = {2017}
}
@article{Jansson2012,
abstract = {A new, much improved model of the Galactic Magnetic Field (GMF) is presented. We use the WMAP7 Galactic Synchrotron Emission map and more than forty thousand extragalactic rotation measures to constrain the parameters of the GMF model, which is substantially generalized compared to earlier work to now include an out-of-plane component (as suggested by observations of external galaxies) and striated-random fields (motivated by theoretical considerations). The new model provides a greatly improved fit to observations. Consistent with our earlier analyses, the best-fit model has a disk field and an extended halo field. Our new analysis reveals the presence of a large, out-of-plane component of the GMF; as a result, the polarized synchrotron emission of our Galaxy seen by an edge-on observer is predicted to look intriguingly similar to what has been observed in external edge-on galaxies. We find evidence that the cosmic ray electron density is significantly larger than given by GALPROP, or else that there is a widespread striated component to the GMF.},
annote = {Wirtz, 50},
archivePrefix = {arXiv},
arxivId = {1204.3662},
author = {Jansson, Ronnie and Farrar, Glennys R.},
doi = {10.1088/0004-637X/757/1/14},
eprint = {1204.3662},
file = {:home/djschmidt/.local/share/data/Mendeley Ltd./Mendeley Desktop/Downloaded/Jansson, Farrar - 2012 - A New Model of the Galactic Magnetic Field.pdf:pdf},
isbn = {0004-637X},
issn = {15384357},
journal = {Astrophysical Journal},
keywords = {Galaxy: general,Galaxy: structure,ISM: magnetic fields},
month = {apr},
number = {1},
title = {{A new model of the galactic magnetic field}},
url = {http://arxiv.org/abs/1204.3662 http://dx.doi.org/10.1088/0004-637X/757/1/14},
volume = {757},
year = {2012}
}
@article{intro-dnn2,
abstract = {High {\$}p{\_}T{\$} Higgs production at hadron colliders provides a direct probe of the internal structure of the {\$}gg \backslashto H{\$} loop with the {\$}H \backslashto b\backslashbar{\{}b{\}}{\$} decay offering the most statistics due to the large branching ratio. Despite the overwhelming QCD background, recent advances in jet substructure have put the observation of the {\$}gg\backslashto H \backslashto b\backslashbar{\{}b{\}}{\$} channel at the LHC within the realm of possibility. In order to enhance the sensitivity to this process, we develop a two stream convolutional neural network, with one stream acting on jet information and one using global event properties. The neural network significantly increases the discovery potential of a Higgs signal, both for high {\$}p{\_}T{\$} Standard Model production as well for possible beyond the Standard Model contributions. Unlike most studies for boosted hadronically decaying massive particles, the boosted Higgs search is unique because double {\$}b{\$}-tagging rejects nearly all background processes that do not have two hard prongs. In this context --- which goes beyond state-of-the-art two-prong tagging --- the network is studied to identify the origin of the additional information leading to the increased significance. The procedures described here are also applicable to related final states where they can be used to identify additional sources of discrimination power that are not being exploited by current techniques.},
archivePrefix = {arXiv},
arxivId = {1807.10768},
author = {Lin, Joshua and Freytsis, Marat and Moult, Ian and Nachman, Benjamin},
eprint = {1807.10768},
file = {:home/djschmidt/.local/share/data/Mendeley Ltd./Mendeley Desktop/Downloaded/Lin et al. - 2018 - Boosting {\$}Hto bbar b{\$} with Machine Learning.pdf:pdf},
month = {jul},
title = {{Boosting H to bb with Machine Learning}},
url = {http://arxiv.org/abs/1807.10768},
year = {2018}
}
@book{qft-lehrbuch,
abstract = {Predicting the binding mode of flexible polypeptides to proteins is an important task that falls outside the domain of applicability of most small molecule and protein−protein docking tools. Here, we test the small molecule flexible ligand docking program Glide on a set of 19 non-$\alpha$-helical peptides and systematically improve pose prediction accuracy by enhancing Glide sampling for flexible polypeptides. In addition, scoring of the poses was improved by post-processing with physics-based implicit solvent MM- GBSA calculations. Using the best RMSD among the top 10 scoring poses as a metric, the success rate (RMSD ≤ 2.0 {\AA} for the interface backbone atoms) increased from 21{\%} with default Glide SP settings to 58{\%} with the enhanced peptide sampling and scoring protocol in the case of redocking to the native protein structure. This approaches the accuracy of the recently developed Rosetta FlexPepDock method (63{\%} success for these 19 peptides) while being over 100 times faster. Cross-docking was performed for a subset of cases where an unbound receptor structure was available, and in that case, 40{\%} of peptides were docked successfully. We analyze the results and find that the optimized polypeptide protocol is most accurate for extended peptides of limited size and number of formal charges, defining a domain of applicability for this approach.},
archivePrefix = {arXiv},
arxivId = {arXiv:1011.1669v3},
author = {Schwartz, Matthew D.},
booktitle = {Cambridge University Press},
doi = {10.1080/00107514.2014.970232},
eprint = {arXiv:1011.1669v3},
isbn = {978-1-107-03473-0},
issn = {0010-7514},
keywords = {Additive manufacturing,Electron beam melting,Selective laser melting},
pmid = {25246403},
title = {{Quantum Field Theory and the Standard Model Providing}},
year = {2014}
}
@article{cms,
abstract = {The Compact Muon Solenoid (CMS) detector is described. The detector operates at the Large Hadron Collider (LHC) at CERN. It was conceived to study proton-proton (and lead-lead) collisions at a centre-of-mass energy of 14 TeV (5.5 TeV nucleon-nucleon) and at luminosities up to 1034cm -2s-1 (1027cm-2s-1). At the core of the CMS detector sits a high-magnetic-field and large-bore superconducting solenoid surrounding an all-silicon pixel and strip tracker, a lead-tungstate scintillating-crystals electromagnetic calorimeter, and a brass-scintillator sampling hadron calorimeter. The iron yoke of the flux-return is instrumented with four stations of muon detectors covering most of the 4? solid angle. Forward sampling calorimeters extend the pseudo-rapidity coverage to high values (|n | ? 5) assuring very good hermeticity. The overall dimensions of the CMS detector are a length of 21.6 m, a diameter of 14.6 m and a total weight of 12500t. ? 2008 IOP Publishing Ltd and SISSA.},
author = {Chatrchyan, S. and Hmayakyan, G. and Khachatryan, V. and Sirunyan, AM and Adam, W. and Bauer, T. and Bergauer, T. and Bergauer, H. and Dragicevic, M. and Er{\"{o}}, J. and Others},
doi = {10.1088/1748-0221/3/08/S08004},
issn = {17480221 17480221},
journal = {Journal of Instrumentation},
title = {{The CMS experiment at the CERN LHC}},
year = {2008}
}
@article{Erdmann2018a,
abstract = {We present a novel approach to search for origins of ultra-high energy cosmic rays. These particles are likely nuclei that initiate extensive air showers in the Earth's atmosphere. In large-area observatories, the particle arrival directions are measured together with their energies and the atmospheric depth at which their showers maximize. The depths provide rough measures of the nuclear charges. In a simultaneous fit to all observed cosmic rays we use the galactic magnetic field as a mass spectrometer and adapt the nuclear charges such that their extragalactic arrival directions are concentrated in as few directions as possible. Using different simulated examples we show that, with the measurements on Earth, reconstruction of extragalactic source directions is possible. In particular, we show in an astrophysical scenario that source directions can be reconstructed even within a substantial isotropic background.},
archivePrefix = {arXiv},
arxivId = {arXiv:1807.08734v1},
author = {Erdmann, M and Geiger, L and Schmidt, D and Urban, M and Wirtz, M},
eprint = {arXiv:1807.08734v1},
file = {:home/djschmidt/.local/share/data/Mendeley Ltd./Mendeley Desktop/Downloaded/Erdmann et al. - 2018 - Origins of Extragalactic Cosmic Ray Nuclei by Contracting Alignment Patterns induced in the Galactic Magnetic Fi.pdf:pdf},
journal = {Submitted to Astroparticle Physics},
keywords = {composition,magnetic fields,sources,ultra-high energy cosmic rays},
month = {jul},
title = {{Origins of Extragalactic Cosmic Ray Nuclei by Contracting Alignment Patterns induced in the Galactic Magnetic Field}},
url = {https://arxiv.org/pdf/1807.08734.pdf},
year = {2018}
}
@article{Farrar2015,
abstract = {A good model of the Galactic magnetic field is crucial for estimating the Galactic contribution in dark matter and CMB-cosmology studies, determining the sources of UHECRs, and also modeling the transport of Galactic CRs since the halo field provides an important escape route for by diffusion along its field lines. We briefly review the observational foundations of the Jansson-Farrar 2012 model for the large scale structure of the GMF, underscoring the robust evidence for a N-to-S directed, spiraling halo field. New results on the lensing effect of the GMF on UHECRs are presented, displaying multiple images and dramatic magnification and demagnification that varies with source direction and CR rigidity.},
annote = {Wirtz, 75},
archivePrefix = {arXiv},
arxivId = {1508.04530},
author = {Farrar, Glennys R. and Awal, Nafiun and Khurana, Deepak and Sutherland, Michael},
doi = {10.22323/1.236.0560},
eprint = {1508.04530},
file = {:home/djschmidt/.local/share/data/Mendeley Ltd./Mendeley Desktop/Downloaded/Farrar et al. - 2015 - The Galactic Magnetic Field and UHECR Optics.pdf:pdf},
issn = {18248039},
journal = {Proceedings of Science},
month = {aug},
title = {{The galactic magnetic field and UHECR optics}},
url = {http://arxiv.org/abs/1508.04530},
volume = {30-July-20},
year = {2015}
}
@phdthesis{Keilhauer2004,
annote = {Wirtz, 25},
author = {Keilhauer, Bianca},
file = {:home/djschmidt/.local/share/data/Mendeley Ltd./Mendeley Desktop/Downloaded/Keilhauer - 2004 - Investigation of Atmospheric Effevts on the Development of Extensive Air Showers and their Detection with the Pierre.pdf:pdf},
school = {Forschungszentrum Karlsruhe},
title = {{Investigation of Atmospheric Effects on the Development of Extensive Air Showers and their Detection with the Pierre Auger Observatory}},
year = {2004}
}
@article{uat,
abstract = {We show that standard multilayer feedforward networks with as few as a single hidden layer and arbitrary bounded and nonconstant activation function are universal approximators with respect to Lp($\mu$) performance criteria, for arbitrary finite input environment measures $\mu$, provided only that sufficiently many hidden units are available. If the activation function is continuous, bounded and nonconstant, then continuous mappings can be learned uniformly over compact input sets. We also give very general conditions ensuring that networks with sufficiently smooth activation functions are capable of arbitrarily accurate approximation to a function and its derivatives. {\textcopyright} 1991.},
archivePrefix = {arXiv},
arxivId = {arXiv:1011.1669v3},
author = {Hornik, Kurt},
doi = {10.1016/0893-6080(91)90009-T},
eprint = {arXiv:1011.1669v3},
file = {:home/djschmidt/.local/share/data/Mendeley Ltd./Mendeley Desktop/Downloaded/Hornik - 1991 - Approximation capabilities of multilayer feedforward networks.pdf:pdf},
isbn = {0893-6080},
issn = {08936080},
journal = {Neural Networks},
keywords = {Activation function,Input environment measure,Lp($\mu$) approximation,Multilayer feedforward networks,Smooth approximation,Sobolev spaces,Uniform approximation,Universal approximation capabilities},
month = {jan},
number = {2},
pages = {251--257},
pmid = {25246403},
publisher = {Pergamon},
title = {{Approximation capabilities of multilayer feedforward networks}},
url = {https://www.sciencedirect.com/science/article/pii/089360809190009T},
volume = {4},
year = {1991}
}
@inproceedings{wgan,
abstract = {We introduce a new algorithm named WGAN, an alternative to traditional GAN training. In this new model, we show that we can improve the stability of learning, get rid of problems like mode collapse, and provide meaningful learning curves useful for debugging and hyperparameter searches. Furthermore, we show that the corresponding optimization problem is sound, and provide extensive theoretical work highlighting the deep connections to other distances between distributions.},
archivePrefix = {arXiv},
arxivId = {1701.07875},
author = {Arjovsky, Martin and Chintala, Soumith and Bottou, Leon},
booktitle = {International Conference on Machine Learning},
doi = {10.2507/daaam.scibook.2010.27},
eprint = {1701.07875},
isbn = {1406.2661},
issn = {1701.07875},
pmid = {19963286},
title = {{Wasserstein Generative Adversarial Network}},
year = {2017}
}
@article{ThePierreAugerCollaboration2016,
abstract = {The Pierre Auger Observatory has begun a major Upgrade of its already impressive capabilities, with an emphasis on improved mass composition determination using the surface detectors of the Observatory. Known as AugerPrime, the upgrade will include new 4 m{\$}{\^{}}2{\$} plastic scintillator detectors on top of all 1660 water-Cherenkov detectors, updated and more flexible surface detector electronics, a large array of buried muon detectors, and an extended duty cycle for operations of the fluorescence detectors. This Preliminary Design Report was produced by the Collaboration in April 2015 as an internal document and information for funding agencies. It outlines the scientific and technical case for AugerPrime. We now release it to the public via the arXiv server. We invite you to review the large number of fundamental results already achieved by the Observatory and our plans for the future.},
annote = {Wirtz, 27},
archivePrefix = {arXiv},
arxivId = {1604.03637},
author = {{The Pierre Auger Collaboration} and Aab, A. and Abreu, P. and Aglietta, M. and Ahn, E. J. and Samarai, I. Al and Albuquerque, I. F. M. and Allekotte, I. and Allison, P. and Almela, A. and Castillo, J. Alvarez and Alvarez-Mu{\~{n}}iz, J. and Batista, R. Alves and Ambrosio, M. and Aminaei, A. and Anchordoqui, L. and Andringa, S. and Aramo, C. and Arqueros, F. and Arsene, N. and Asorey, H. and Assis, P. and Aublin, J. and Ave, M. and Avenier, M. and Avila, G. and Awal, N. and Badescu, A. M. and Barber, K. B. and B{\"{a}}uml, J. and Baus, C. and Beatty, J. J. and Becker, K. H. and Bellido, J. A. and Berat, C. and Bertaina, M. E. and Bertou, X. and Biermann, P. L. and Billoir, P. and Blaess, S. G. and Blanco, A. and Blanco, M. and Blazek, J. and Bleve, C. and Bl{\"{u}}mer, H. and Boh{\'{a}}{\v{c}}ov{\'{a}}, M. and Boncioli, D. and Bonifazi, C. and Borodai, N. and Brack, J. and Brancus, I. and Bridgeman, A. and Brogueira, P. and Brown, W. C. and Buchholz, P. and Bueno, A. and Buitink, S. and Buscemi, M. and Caballero-Mora, K. S. and Caccianiga, B. and Caccianiga, L. and Candusso, M. and Caramete, L. and Caruso, R. and Castellina, A. and Cataldi, G. and Cazon, L. and Cester, R. and Chavez, A. G. and Chiavassa, A. and Chinellato, J. A. and Chudoba, J. and Cilmo, M. and Clay, R. W. and Cocciolo, G. and Colalillo, R. and Coleman, A. and Collica, L. and Coluccia, M. R. and Concei{\c{c}}{\~{a}}o, R. and Contreras, F. and Cooper, M. J. and Cordier, A. and Coutu, S. and Covault, C. E. and Cronin, J. and Dallier, R. and Daniel, B. and Dasso, S. and Daumiller, K. and Dawson, B. R. and de Almeida, R. M. and de Jong, S. J. and {De Mauro}, G. and Neto, J. R. T. de Mello and {De Mitri}, I. and de Oliveira, J. and de Souza, V. and del Peral, L. and Deligny, O. and Dembinski, H. and Dhital, N. and {Di Giulio}, C. and {Di Matteo}, A. and Diaz, J. C. and Castro, M. L. D{\'{i}}az and Diogo, F. and Dobrigkeit, C. and Docters, W. and D'Olivo, J. C. and Dorofeev, A. and Hasankiadeh, Q. Dorosti and Dova, M. T. and Ebr, J. and Engel, R. and Erdmann, M. and Erfani, M. and Escobar, C. O. and Espadanal, J. and Etchegoyen, A. and Falcke, H. and Fang, K. and Farrar, G. and Fauth, A. C. and Fazzini, N. and Ferguson, A. P. and Fernandes, M. and Fick, B. and Figueira, J. M. and Filevich, A. and Filip{\v{c}}i{\v{c}}, A. and Fox, B. D. and Fratu, O. and Freire, M. M. and Fuchs, B. and Fujii, T. and Garc{\'{i}}a, B. and Garcia-Pinto, D. and Gate, F. and Gemmeke, H. and Gherghel-Lascu, A. and Ghia, P. L. and Giaccari, U. and Giammarchi, M. and Giller, M. and G{\l}as, D. and Glaser, C. and Glass, H. and Golup, G. and Berisso, M. G{\'{o}}mez and Vitale, P. F. G{\'{o}}mez and Gonz{\'{a}}lez, N. and Gookin, B. and Gordon, J. and Gorgi, A. and Gorham, P. and Gouffon, P. and Griffith, N. and Grillo, A. F. and Grubb, T. D. and Guarino, F. and Guedes, G. P. and Hampel, M. R. and Hansen, P. and Harari, D. and Harrison, T. A. and Hartmann, S. and Harton, J. L. and Haungs, A. and Hebbeker, T. and Heck, D. and Heimann, P. and Hemery, N. and Herve, A. E. and Hill, G. C. and Hojvat, C. and Hollon, N. and Holt, E. and Homola, P. and H{\"{o}}randel, J. R. and Horvath, P. and Hrabovsk{\'{y}}, M. and Huber, D. and Huege, T. and Insolia, A. and Isar, P. G. and Jandt, I. and Jansen, S. and Jarne, C. and Johnsen, J. A. and Josebachuili, M. and K{\"{a}}{\"{a}}p{\"{a}}, A. and Kambeitz, O. and Kampert, K. H. and Kasper, P. and Katkov, I. and K{\'{e}}gl, B. and Keilhauer, B. and Keivani, A. and Kemp, E. and Kieckhafer, R. M. and Klages, H. O. and Kleifges, M. and Kleinfeller, J. and Krause, R. and Krohm, N. and Kr{\"{o}}mer, O. and Kuempel, D. and Mezek, G. Kukec and Kunka, N. and LaHurd, D. and Latronico, L. and Lauer, R. and Lauscher, M. and Lautridou, P. and Coz, S. Le and Lebrun, D. and Lebrun, P. and de Oliveira, M. A. Leigui and Letessier-Selvon, A. and Lhenry-Yvon, I. and Link, K. and Lopes, L. and L{\'{o}}pez, R. and Casado, A. L{\'{o}}pez and Louedec, K. and Lu, L. and Lucero, A. and Malacari, M. and Maldera, S. and Mallamaci, M. and Maller, J. and Mandat, D. and Mantsch, P. and Mariazzi, A. G. and Marin, V. and Mariş, I. C. and Marsella, G. and Martello, D. and Martin, L. and Martinez, H. and Bravo, O. Mart{\'{i}}nez and Martraire, D. and Meza, J. J. Mas{\'{i}}as and Mathes, H. J. and Mathys, S. and Matthews, J. and Matthews, J. A. J. and Matthiae, G. and Maurizio, D. and Mayotte, E. and Mazur, P. O. and Medina, C. and Medina-Tanco, G. and Meissner, R. and Mello, V. B. B. and Melo, D. and Menshikov, A. and Messina, S. and Meyhandan, R. and Micheletti, M. I. and Middendorf, L. and Minaya, I. A. and Miramonti, L. and Mitrica, B. and Molina-Bueno, L. and Mollerach, S. and Montanet, F. and Morello, C. and Mostaf{\'{a}}, M. and Moura, C. A. and Muller, M. A. and M{\"{u}}ller, G. and M{\"{u}}ller, S. and Mussa, R. and Navarra, G. and Navas, S. and Necesal, P. and Nellen, L. and Nelles, A. and Neuser, J. and Nguyen, P. H. and Niculescu-Oglinzanu, M. and Niechciol, M. and Niemietz, L. and Niggemann, T. and Nitz, D. and Nosek, D. and Novotny, V. and No{\v{z}}ka, L. and Ochilo, L. and Oikonomou, F. and Olinto, A. and Pacheco, N. and Selmi-Dei, D. Pakk and Palatka, M. and Pallotta, J. and Papenbreer, P. and Parente, G. and Parra, A. and Paul, T. and Pech, M. and Pȩkala, J. and Pelayo, R. and Pepe, I. M. and Perrone, L. and Petermann, E. and Peters, C. and Petrera, S. and Petrov, Y. and Phuntsok, J. and Piegaia, R. and Pierog, T. and Pieroni, P. and Pimenta, M. and Pirronello, V. and Platino, M. and Plum, M. and Porcelli, A. and Porowski, C. and Prado, R. R. and Privitera, P. and Prouza, M. and Purrello, V. and Quel, E. J. and Querchfeld, S. and Quinn, S. and Rautenberg, J. and Ravel, O. and Ravignani, D. and Reinert, D. and Revenu, B. and Ridky, J. and Riggi, S. and Risse, M. and Ristori, P. and Rizi, V. and de Carvalho, W. Rodrigues and Fernandez, G. Rodriguez and Rojo, J. Rodriguez and Rodr{\'{i}}guez-Fr{\'{i}}as, M. D. and Rogozin, D. and Rosado, J. and Roth, M. and Roulet, E. and Rovero, A. C. and Saffi, S. J. and Saftoiu, A. and Salamida, F. and Salazar, H. and Saleh, A. and Greus, F. Salesa and Salina, G. and S{\'{a}}nchez, F. and Sanchez-Lucas, P. and Santos, E. and Santos, E. M. and Sarazin, F. and Sarkar, B. and Sarmento, R. and Sato, R. and Scarso, C. and Schauer, M. and Scherini, V. and Schieler, H. and Schmidt, D. and Scholten, O. and Schoorlemmer, H. and Schov{\'{a}}nek, P. and Schr{\"{o}}der, F. G. and Schulz, A. and Schulz, J. and Schumacher, J. and Sciutto, S. J. and Segreto, A. and Settimo, M. and Shadkam, A. and Shellard, R. C. and Sidelnik, I. and Sigl, G. and Sima, O. and {\'{S}}mia{\l}kowski, A. and {\v{S}}m{\'{i}}da, R. and Snow, G. R. and Sommers, P. and Sorokin, J. and Squartini, R. and Srivastava, Y. N. and Stanca, D. and Stani{\v{c}}, S. and Stapleton, J. and Stasielak, J. and Stephan, M. and Stutz, A. and Suarez, F. and Suomij{\"{a}}rvi, T. and Supanitsky, A. D. and Sutherland, M. S. and Swain, J. and Szadkowski, Z. and Taborda, O. A. and Tapia, A. and Tepe, A. and Theodoro, V. M. and Timmermans, C. and Peixoto, C. J. Todero and Toma, G. and Tomankova, L. and Tom{\'{e}}, B. and Tonachini, A. and Elipe, G. Torralba and Machado, D. Torres and Travnicek, P. and Trini, M. and Ulrich, R. and Unger, M. and Urban, M. and Galicia, J. F. Vald{\'{e}}s and Vali{\~{n}}o, I. and Valore, L. and van Aar, G. and van Bodegom, P. and van den Berg, A. M. and van Velzen, S. and van Vliet, A. and Varela, E. and C{\'{a}}rdenas, B. Vargas and Varner, G. and Vasquez, R. and V{\'{a}}zquez, J. R. and V{\'{a}}zquez, R. A. and Veberi{\v{c}}, D. and Verzi, V. and Vicha, J. and Videla, M. and Villase{\~{n}}or, L. and Vlcek, B. and Vorobiov, S. and Wahlberg, H. and Wainberg, O. and Walz, D. and Watson, A. A. and Weber, M. and Weidenhaupt, K. and Weindl, A. and Werner, F. and Widom, A. and Wiencke, L. and Wilczy{\'{n}}ski, H. and Winchen, T. and Wittkowski, D. and Wundheiler, B. and Wykes, S. and Yang, L. and Yapici, T. and Yushkov, A. and Zas, E. and Zavrtanik, D. and Zavrtanik, M. and Zepeda, A. and Zhu, Y. and Zimmermann, B. and Ziolkowski, M. and Zong, Z. and Zuccarello, F.},
doi = {10.1051/epjconf/201713602003},
eprint = {1604.03637},
file = {:home/djschmidt/.local/share/data/Mendeley Ltd./Mendeley Desktop/Downloaded/The Pierre Auger Collaboration et al. - 2016 - The Pierre Auger Observatory Upgrade - Preliminary Design Report.pdf:pdf},
issn = {2100014X},
month = {apr},
title = {{The Pierre Auger Observatory Upgrade - Preliminary Design Report}},
url = {http://arxiv.org/abs/1604.03637},
year = {2016}
}
@article{tf,
abstract = {TensorFlow [1] is an interface for expressing machine learning algorithms, and an implementation for executing such algorithms. A computation expressed using TensorFlow can be executed with little or no change on a wide variety of heterogeneous systems, ranging from mobile devices such as phones and tablets up to large-scale distributed systems of hundreds of machines and thousands of computational devices such as GPU cards. The system is flexible and can be used to express a wide variety of algorithms, including training and inference algorithms for deep neural network models, and it has been used for conducting research and for deploying machine learning systems into production across more than a dozen areas of computer science and other fields, including speech recognition, computer vision, robotics, information retrieval, natural language processing, geographic information extraction, and computational drug discovery. This paper describes the TensorFlow interface and an implementation of that interface that we have built at Google. The TensorFlow API and a reference implementation were released as an open-source package under the Apache 2.0 license in November, 2015 and are available at www.tensorflow.org.},
archivePrefix = {arXiv},
arxivId = {1603.04467},
author = {Abadi, Martin and Agarwal, Ashish and Barham, Paul and Brevdo, Eugene and Chen, Zhifeng and Citro, Craig and Corrado, Greg and Davis, Andy and Dean, Jeffrey and Devin, Matthieu and Ghemawat, Sanjay and Goodfellow, Ian and Harp, Andrew and Irving, Geoffrey and Isard, Michael and Jia, Yangqing and Kaiser, Lukasz and Kudlur, Manjunath and Levenberg, Josh and Man, Dan and Monga, Rajat and Moore, Sherry and Murray, Derek and Shlens, Jon and Steiner, Benoit and Sutskever, Ilya and Tucker, Paul and Vanhoucke, Vincent and Vasudevan, Vijay and Vinyals, Oriol and Warden, Pete and Wicke, Martin and Yu, Yuan and Zheng, Xiaoqiang},
doi = {10.1038/nn.3331},
eprint = {1603.04467},
isbn = {0010-0277},
issn = {0270-6474},
journal = {None},
pmid = {16411492},
title = {{TensorFlow: Large-Scale Machine Learning on Heterogeneous Distributed Systems}},
year = {2015}
}
@article{calogan,
abstract = {The precise modeling of subatomic particle interactions and propagation through matter is paramount for the advancement of nuclear and particle physics searches and precision measurements. The most computationally expensive step in the simulation pipeline of a typical experiment at the Large Hadron Collider (LHC) is the detailed modeling of the full complexity of physics processes that govern the motion and evolution of particle showers inside calorimeters. We introduce $\backslash$textsc{\{}CaloGAN{\}}, a new fast simulation technique based on generative adversarial networks (GANs). We apply these neural networks to the modeling of electromagnetic showers in a longitudinally segmented calorimeter, and achieve speedup factors comparable to or better than existing full simulation techniques on CPU ({\$}100\backslashtimes{\$}-{\$}1000\backslashtimes{\$}) and even faster on GPU (up to {\$}\backslashsim10{\^{}}5\backslashtimes{\$}). There are still challenges for achieving precision across the entire phase space, but our solution can reproduce a variety of geometric shower shape properties of photons, positrons and charged pions. This represents a significant stepping stone toward a full neural network-based detector simulation that could save significant computing time and enable many analyses now and in the future.},
archivePrefix = {arXiv},
arxivId = {1712.10321},
author = {Paganini, Michela and {De Oliveira}, Luke and Nachman, Benjamin},
doi = {10.1103/PhysRevD.97.014021},
eprint = {1712.10321},
issn = {24700029},
journal = {Physical Review D},
title = {{CaloGAN: Simulating 3D high energy particle showers in multilayer electromagnetic calorimeters with generative adversarial networks}},
year = {2018}
}
@article{wgan-auger,
abstract = {We use adversarial network architectures together with the Wasserstein distance to generate or refine simulated detector data. The data reflect two-dimensional projections of spatially distributed signal patterns with a broad spectrum of applications. As an example, we use an observatory to detect cosmic ray-induced air showers with a ground-based array of particle detectors. First we investigate a method of generating detector patterns with variable signal strengths while constraining the primary particle energy. We then present a technique to refine simulated time traces of detectors to match corresponding data distributions. With this method we demonstrate that training a deep network with refined data-like signal traces leads to a more precise energy reconstruction of data events compared to training with the originally simulated traces.},
archivePrefix = {arXiv},
arxivId = {1802.03325},
author = {Erdmann, Martin and Geiger, Lukas and Glombitza, Jonas and Schmidt, David},
doi = {10.1007/s41781-018-0008-x},
eprint = {1802.03325},
file = {:home/djschmidt/.local/share/data/Mendeley Ltd./Mendeley Desktop/Downloaded/Erdmann et al. - 2018 - Generating and Refining Particle Detector Simulations Using the Wasserstein Distance in Adversarial Networks.pdf:pdf},
issn = {2510-2036},
journal = {Computing and Software for Big Science},
month = {nov},
number = {1},
pages = {4},
publisher = {Springer International Publishing},
title = {{Generating and refining particle detector simulations using the Wasserstein distance in adversarial networks}},
url = {http://arxiv.org/abs/1802.03325},
volume = {2},
year = {2018}
}
@article{intro-dnn1,
abstract = {{\textcopyright} 2018 CERN for the benefit of the CMS collaboration. Many measurements and searches for physics beyond the standard model at the LHC rely on the efficient identification of heavy-flavour jets, i.e. jets originating from bottom or charm quarks. In this paper, the discriminating variables and the algorithms used for heavy-flavour jet identification during the first years of operation of the CMS experiment in proton-proton collisions at a centre-of-mass energy of 13 TeV, are presented. Heavy-flavour jet identification algorithms have been improved compared to those used previously at centre-of-mass energies of 7 and 8 TeV. For jets with transverse momenta in the range expected in simulated events, these new developments result in an efficiency of 68{\%} for the correct identification of a b jet for a probability of 1{\%} of misidentifying a light-flavour jet. The improvement in relative efficiency at this misidentification probability is about 15{\%}, compared to previous CMS algorithms. In addition, for the first time algorithms have been developed to identify jets containing two b hadrons in Lorentz-boosted event topologies, as well as to tag c jets. The large data sample recorded in 2016 at a centre-of-mass energy of 13 TeV has also allowed the development of new methods to measure the efficiency and misidentification probability of heavy-flavour jet identification algorithms. The b jet identification efficiency is measured with a precision of a few per cent at moderate jet transverse momenta (between 30 and 300 GeV) and about 5{\%} at the highest jet transverse momenta (between 500 and 1000 GeV).},
author = {Sirunyan, A. M. and Tumasyan, A. and Adam, W. and Ambrogi, F. and Asilar, E. and Bergauer, T. and Brandstetter, J. and Brondolin, E. and Dragicevic, M. and Er{\"{o}}, J. and Valle, A. Escalante Del and Flechl, M. and Friedl, M. and Fr{\"{u}}hwirth, R. and Ghete, V. M. and Grossmann, J. and Hrubec, J. and Jeitler, M. and K{\"{o}}nig, A. and Krammer, N. and Kratschmer, I. and Liko, D. and Madlener, T. and Mikulec, I. and Pree, E. and Rad, N. and Rohringer, H. and Schieck, J. and Sch{\"{o}}fbeck, R. and Spanring, M. and Spitzbart, D. and Waltenberger, W. and Wittmann, J. and Wulz, C. E. and Zarucki, M. and Chekhovsky, V. and Mossolov, V. and Gonzalez, J. Suarez and Wolf, E. A.De and Croce, D. Di and Janssen, X. and Lauwers, J. and Klundert, M. Van De and Haevermaet, H. Van and Mechelen, P. Van and Remortel, N. Van and Zeid, S. Abu and Blekman, F. and D'Hondt, J. and Bruyn, I. De and Clercq, J. De and Deroover, K. and Flouris, G. and Lontkovskyi, D. and Lowette, S. and Marchesini, I. and Moortgat, S. and Moreels, L. and Python, Q. and Skovpen, K. and Tavernier, S. and Doninck, W. Van and Mulders, P. Van and Parijs, I. Van and Beghin, D. and Bilin, B. and Brun, H. and Clerbaux, B. and Lentdecker, G. De and Delannoy, H. and Dorney, B. and Fasanella, G. and Favart, L. and Goldouzian, R. and Grebenyuk, A. and Lenzi, T. and Luetic, J. and Maerschalk, T. and Marinov, A. and Seva, T. and Starling, E. and Velde, C. Vander and Vanlaer, P. and Vannerom, D. and Yonamine, R. and Zenoni, F. and Zhang, F. and Cimmino, A. and Cornelis, T. and Dobur, D. and Fagot, A. and Gul, M. and Khvastunov, I. and Poyraz, D. and Roskas, C. and Salva, S. and Tytgat, M. and Verbeke, W. and Zaganidis, N. and Bakhshiansohi, H. and Bondu, O. and Brochet, S. and Bruno, G. and Caputo, C. and Caudron, A. and David, P. and Visscher, S. De and Delaere, C. and Delcourt, M. and Francois, B. and Giammanco, A. and Komm, M. and Krintiras, G. and Lemaitre, V. and Magitteri, A. and Mertens, A. and Musich, M. and Piotrzkowski, K. and Quertenmont, L. and Saggio, A. and Marono, M. Vidal and Wertz, S. and Zobec, J. and Junior, W. L.Ald{\'{a}} and Alves, F. L. and Alves, G. A. and Brito, L. and Junior, M. Correa Martins and Hensel, C. and Moraes, A. and Pol, M. E. and Teles, P. Rebello and Chagas, E. Belchior Batista Das and Carvalho, W. and Chinellato, J. and Coelho, E. and Costa, E. M.Da and Silveira, G. G.Da and Damiao, D. De Jesus and Souza, S. Fonseca De and Guativa, L. M.Huertas and Malbouisson, H. and Almeida, M. Melo De and Herrera, C. Mora and Mundim, L. and Nogima, H. and Rosas, L. J.Sanchez and Santoro, A. and Sznajder, A. and Thiel, M. and Manganote, E. J.Tonelli and Araujo, F. Torres Da Silva De and Pereira, A. Vilela and Ahuja, S. and Bernardes, C. A. and Tomei, T. R.Fernandez Perez and Gregores, E. M. and Mercadante, P. G. and Novaes, S. F. and Padula, Sandra S. and Abad, D. Romero and Vargas, J. C.Ruiz and Aleksandrov, A. and Hadjiiska, R. and Iaydjiev, P. and Misheva, M. and Rodozov, M. and Shopova, M. and Sultanov, G. and Dimitrov, A. and Litov, L. and Pavlov, B. and Petkov, P. and Fang, W. and Gao, X. and Yuan, L. and Ahmad, M. and Chen, G. M. and Chen, H. S. and Chen, M. and Chen, Y. and Jiang, C. H. and Leggat, D. and Liao, H. and Liu, Z. and Romeo, F. and Shaheen, S. M. and Spiezia, A. and Tao, J. and Thomas-Wilsker, J. and Wang, C. and Wang, Z. and Yazgan, E. and Zhang, H. and Zhang, S. and Zhao, J. and Ban, Y. and Chen, G. and Li, J. and Li, Q. and Liu, S. and Mao, Y. and Qian, S. J. and Wang, D. and Xu, Z. and Wang, Y. and Avila, C. and Cabrera, A. and Montoya, C. A.Carrillo and Sierra, L. F.Chaparro and Florez, C. and Hern{\'{a}}ndez, C. F.Gonz{\'{a}}lez and Alvarez, J. D.Ruiz and Delgado, M. A.Segura and Courbon, B. and Godinovic, N. and Lelas, D. and Puljak, I. and Cipriano, P. M.Ribeiro and Sculac, T. and Antunovic, Z. and Kovac, M. and Brigljevic, V. and Ferencek, D. and Kadija, K. and Mesic, B. and Starodumov, A. and Susa, T. and Ather, M. W. and Attikis, A. and Mavromanolakis, G. and Mousa, J. and Nicolaou, C. and Ptochos, F. and Razis, P. A. and Rykaczewski, H. and Finger, M. and Finge, M. F. and Jarrin, E. Carrera and El-Khateeb, E. and Elgammal, S. and Kamel, A. Ellithi and Dewanjee, R. K. and Kadastik, M. and Perrini, L. and Raidal, M. and Tiko, A. and Veelken, C. and Eerola, P. and Kirschenmann, H. and Pekkanen, J. and Voutilainen, M. and Havukainen, J. and Heikkila, J. K. and Jarvinen, T. and Karimaki, V. and Kinnunen, R. and Lamp{\'{e}}n, T. and Lassila-Perini, K. and Laurila, S. and Lehti, S. and Lind{\'{e}}n, T. and Luukka, P. and Siikonen, H. and Tuominen, E. and Tuominiemi, J. and Tuuva, T. and Besancon, M. and Couderc, F. and Dejardin, M. and Denegri, D. and Faure, J. L. and Ferri, F. and Ganjour, S. and Ghosh, S. and Gras, P. and {De Monchenault}, G. Hamel and Jarry, P. and Kucher, I. and Leloup, C. and Locci, E. and Machet, M. and Malcles, J. and Negro, G. and Rander, J. and Rosowsky, A. and Sahin, M. O. and Titov, M. and Abdulsalam, A. and Amendola, C. and Antropov, I. and Baffioni, S. and Beaudette, F. and Busson, P. and Cadamuro, L. and Charlot, C. and {De Cassagnac}, R. Granier and Jo, M. and Lisniak, S. and Lobanov, A. and Blanco, J. Martin and Nguyen, M. and Ochando, C. and Ortona, G. and Paganini, P. and Pigard, P. and Salerno, R. and Sauvan, J. B. and Sirois, Y. and Leiton, A. G.Stahl and Strebler, T. and Yilmaz, Y. and Zabi, A. and Zghiche, A. and Agram, J. L. and Andrea, J. and Bloch, D. and Brom, J. M. and Buttignol, M. and Chabert, E. C. and Chanon, N. and Collard, C. and Conte, E. and Coubez, X. and Fontaine, J. C. and Gel{\'{e}}, D. and Goerlach, U. and Jansov{\'{a}}, M. and Bihan, A. C.Le and Tonon, N. and Hove, P. Van and Gadrat, S. and Beauceron, S. and Bernet, C. and Boudoul, G. and Chierici, R. and Contardo, D. and Depasse, P. and Mamouni, H. El and Fay, J. and Finco, L. and Gascon, S. and Gouzevitch, M. and Grenier, G. and Ille, B. and Lagarde, F. and Laktineh, I. B. and Lethuillier, M. and Mirabito, L. and Pequegnot, A. L. and Perries, S. and Popov, A. and Sordini, V. and Donckt, M. Vander and Viret, S. and Khvedelidze, A. and Tsamalaidze, Z. and Autermann, C. and Feld, L. and Kiesel, M. K. and Klein, K. and Lipinski, M. and Preuten, M. and Schomakers, C. and Schulz, J. and Teroerde, M. and Zhukov, V. and Albert, A. and Dietz-Laursonn, E. and Duchardt, D. and Endres, M. and Erdmann, M. and Erdweg, S. and Esch, T. and Fischer, R. and G{\"{u}}th, A. and Hamer, M. and Hebbeker, T. and Heidemann, C. and Hoepfner, K. and Knutzen, S. and Merschmeyer, M. and Meyer, A. and Millet, P. and Mukherjee, S. and Pook, T. and Radziej, M. and Reithler, H. and Rieger, M. and Scheuch, F. and Teyssier, D. and Th{\"{u}}er, S. and Fl{\"{u}}gge, G. and Kargoll, B. and Kress, T. and K{\"{u}}nsken, A. and M{\"{u}}ller, T. and Nehrkorn, A. and Nowack, A. and Pistone, C. and Pooth, O. and Stahl, A. and Martin, M. Aldaya and Arndt, T. and Asawatangtrakuldee, C. and Beernaert, K. and Behnke, O. and Behrens, U. and Martinez, A. Bermudez and Anuar, A. A.Bin and Borras, K. and Botta, V. and Campbell, A. and Connor, P. and Contreras-Campana, C. and Costanza, F. and Defranchis, M. M. and Pardos, C. Diez and Eckerlin, G. and Eckstein, D. and Eichhorn, T. and Eren, E. and Gallo, E. and Garcia, J. Garay and Geiser, A. and Luyando, J. M.Grados and Grohsjean, A. and Gunnellini, P. and Guthoff, M. and Harb, A. and Hauk, J. and Hempel, M. and Jung, H. and Kasemann, M. and Keaveney, J. and Kleinwort, C. and Korol, I. and Kr{\"{u}}cker, D. and Lange, W. and Lelek, A. and Lenz, T. and Leonard, J. and Lipka, K. and Lohmann, W. and Mankel, R. and Melzer-Pellmann, I. A. and Meyer, A. B. and Mittag, G. and Mnich, J. and Mussgiller, A. and Ntomari, E. and Pitzl, D. and Raspereza, A. and Savitskyi, M. and Saxena, P. and Shevchenko, R. and Spannagel, S. and Stefaniuk, N. and Onsem, G. P.Van and Walsh, R. and Wen, Y. and Wichmann, K. and Wissing, C. and Zenaiev, O. and Aggleton, R. and Bein, S. and Blobel, V. and Vignali, M. Centis and Dreyer, T. and Garutti, E. and Gonzalez, D. and Haller, J. and Hinzmann, A. and Hoffmann, M. and Karavdina, A. and Klanner, R. and Kogler, R. and Kovalchuk, N. and Kurz, S. and Lapsien, T. and Marconi, D. and Meyer, M. and Niedziela, M. and Nowatschin, D. and Pantaleo, F. and Peiffer, T. and Perieanu, A. and Scharf, C. and Schleper, P. and Schmidt, A. and Schumann, S. and Schwandt, J. and Sonneveld, J. and Stadie, H. and Steinbr{\"{u}}ck, G. and Stober, F. M. and St{\"{o}}ver, M. and Tholen, H. and Troendle, D. and Usai, E. and Vanhoefer, A. and Vormwald, B. and Akbiyik, M. and Barth, C. and Baselga, M. and Baur, S. and Butz, E. and Caspart, R. and Chwalek, T. and Colombo, F. and Boer, W. De and Dierlamm, A. and Morabit, K. El and Faltermann, N. and Freund, B. and Friese, R. and Giffels, M. and Harrendorf, M. A. and Hartmann, F. and Heindl, S. M. and Husemann, U. and Kassel, F. and Kudella, S. and Mildner, H. and Mozer, M. U. and M{\"{u}}ller, Th and Plagge, M. and Quast, G. and Rabbertz, K. and Schr{\"{o}}der, M. and Shvetsov, I. and Sieber, G. and Simonis, H. J. and Ulrich, R. and Wayand, S. and Weber, M. and Weiler, T. and Williamson, S. and W{\"{o}}hrmann, C. and Wolf, R. and Anagnostou, G. and Daskalakis, G. and Geralis, T. and Kyriakis, A. and Loukas, D. and Topsis-Giotis, I. and Karathanasis, G. and Kesisoglou, S. and Panagiotou, A. and Saoulidou, N. and Kousouris, K. and Evangelou, I. and Foudas, C. and Gianneios, P. and Katsoulis, P. and Kokkas, P. and Mallios, S. and Manthos, N. and Papadopoulos, I. and Paradas, E. and Strologas, J. and Triantis, F. A. and Tsitsonis, D. and Csanad, M. and Filipovic, N. and Pasztor, G. and Sur{\'{a}}nyi, O. and Veres, G. I. and Bencze, G. and Hajdu, C. and Horvath, D. and Hunyadi and Sikler, F. and Veszpremi, V. and Beni, N. and Czellar, S. and Karancsi, J. and Makovec, A. and Molnar, J. and Szillasi, Z. and Bart{\'{o}}k, M. and Raics, P. and Trocsanyi, Z. L. and Ujvari, B. and Choudhury, S. and Komaragiri, J. R. and Bahinipati, S. and Bhowmik, S. and Mal, P. and Mandal, K. and Nayak, A. and Sahoo, D. K. and Sahoo, N. and Swain, S. K. and Bansal, S. and Beri, S. B. and Bhatnagar, V. and Chawla, R. and Dhingra, N. and Kalsi, A. K. and Kaur, A. and Kaur, M. and Kaur, S. and Kumar, R. and Kumari, P. and Mehta, A. and Singh, J. B. and Walia, G. and Kumar, Ashok and Shah, Aashaq and Bhardwaj, A. and Chauhan, S. and Choudhary, B. C. and Garg, R. B. and Keshri, S. and Kumar, A. and Malhotra, S. and Naimuddin, M. and Ranjan, K. and Sharma, R. and Bhardwaj, R. and Bhattacharya, R. and Bhattacharya, S. and Bhawandeep, U. and Dey, S. and Dutt, S. and Dutta, S. and Ghosh, S. and Majumdar, N. and Modak, A. and Mondal, K. and Mukhopadhyay, S. and Nandan, S. and Purohit, A. and Roy, A. and Chowdhury, S. Roy and Sarkar, S. and Sharan, M. and Thakur, S. and Behera, P. K. and Chudasama, R. and Dutta, D. and Jha, V. and Kumar, V. and Mohanty, A. K. and Netrakanti, P. K. and Pant, L. M. and Shukla, P. and Topkar, A. and Aziz, T. and Dugad, S. and Mahakud, B. and Mitra, S. and Mohanty, G. B. and Sur, N. and Sutar, B. and Banerjee, S. and Bhattacharya, S. and Chatterjee, S. and Das, P. and Guchait, M. and Jain, Sa and Kumar, S. and Maity, M. and Majumder, G. and Mazumdar, K. and Sarkar, T. and Wickramage, N. and Chauhan, S. and Dube, S. and Hegde, V. and Kapoor, A. and Kothekar, K. and Pandey, S. and Rane, A. and Sharma, S. and Chenarani, S. and Tadavani, E. Eskandari and Etesami, S. M. and Khakzad, M. and Najafabadi, M. Mohammadi and Naseri, M. and Mehdiabadi, S. Paktinat and Hosseinabadi, F. Rezaei and Safarzadeh, B. and Zeinali, M. and Felcini, M. and Grunewald, M. and Abbrescia, M. and Calabria, C. and Colaleo, A. and Creanza, D. and Cristella, L. and Filippis, N. De and Palma, M. De and Errico, F. and Fiore, L. and Iaselli, G. and Lezki, S. and Maggi, G. and Maggi, M. and Miniello, G. and My, S. and Nuzzo, S. and Pompili, A. and Pugliese, G. and Radogna, R. and Ranieri, A. and Selvaggi, G. and Sharma, A. and Silvestris, L. and Venditti, R. and Verwilligen, P. and Abbiendi, G. and Battilana, C. and Bonacorsi, D. and Borgonovi, L. and Braibant-Giacomelli, S. and Campanini, R. and Capiluppi, P. and Castro, A. and Cavallo, F. R. and Chhibra, S. S. and Codispoti, G. and Cuffiani, M. and Dallavalle, G. M. and Fabbri, F. and Fanfani, A. and Fasanella, D. and Giacomelli, P. and Grandi, C. and Guiducci, L. and Marcellini, S. and Masetti, G. and Montanari, A. and Navarria, F. L. and Perrotta, A. and Rossi, A. M. and Rovelli, T. and Siroli, G. P. and Tosi, N. and Albergo, S. and Costa, S. and Mattia, A. Di and Giordano, F. and Potenza, R. and Tricomi, A. and Tuve, C. and Barbagli, G. and Chatterjee, K. and Ciulli, V. and Civinini, C. and D'Alessandro, R. and Focardi, E. and Lenzi, P. and Meschini, M. and Paoletti, S. and Russo, L. and Sguazzoni, G. and Strom, D. and Viliani, L. and Benussi, L. and Bianco, S. and Fabbri, F. and Piccolo, D. and Primavera, F. and Calvelli, V. and Ferro, F. and Ravera, F. and Robutti, E. and Tosi, S. and Benaglia, A. and Beschi, A. and Brianza, L. and Brivio, F. and Ciriolo, V. and Dinardo, M. E. and Fiorendi, S. and Gennai, S. and Ghezzi, A. and Govoni, P. and Malberti, M. and Malvezzi, S. and Manzoni, R. A. and Menasce, D. and Moroni, L. and Paganoni, M. and Pauwels, K. and Pedrini, D. and Pigazzini, S. and Ragazzi, S. and {De Fatis}, T. Tabarelli and Buontempo, S. and Cavallo, N. and Guida, S. Di and Fabozzi, F. and Fienga, F. and Iorio, A. O.M. and Khan, W. A. and Lista, L. and Meola, S. and Paolucci, P. and Sciacca, C. and Thyssen, F. and Azzi, P. and Bacchetta, N. and Benato, L. and Bisello, D. and Boletti, A. and Checchia, P. and Dall'Osso, M. and Manzano, P. De Castro and Dorigo, T. and Dosselli, U. and Fanzago, F. and Gasparini, F. and Gasparini, U. and Gozzelino, A. and Lacaprara, S. and Lujan, P. and Margoni, M. and Meneguzzo, A. T. and Pozzobon, N. and Ronchese, P. and Rossin, R. and Simonetto, F. and Torassa, E. and Ventura, S. and Zanetti, M. and Zotto, P. and Braghieri, A. and Magnani, A. and Montagna, P. and Ratti, S. P. and Re, V. and Ressegotti, M. and Riccardi, C. and Salvini, P. and Vai, I. and Vitulo, P. and Solestizi, L. Alunni and Biasini, M. and Bilei, G. M. and Cecchi, C. and Ciangottini, D. and Fan{\`{o}}, L. and Leonardi, R. and Manoni, E. and Mantovani, G. and Mariani, V. and Menichelli, M. and Rossi, A. and Santocchia, A. and Spiga, D. and Androsov, K. and Azzurri, P. and Bagliesi, G. and Boccali, T. and Borrello, L. and Castaldi, R. and Ciocci, M. A. and Dell'Orso, R. and Fedi, G. and Giannini, L. and Giassi, A. and Grippo, M. T. and Ligabue, F. and Lomtadze, T. and Manca, E. and Mandorli, G. and Messineo, A. and Palla, F. and Rizzi, A. and Savoy-Navarro, A. and Spagnolo, P. and Tenchini, R. and Tonelli, G. and Venturi, A. and Verdini, P. G. and Barone, L. and Cavallari, F. and Cipriani, M. and Daci, N. and Re, D. Del and Marco, E. Di and Diemoz, M. and Gelli, S. and Longo, E. and Margaroli, F. and Marzocchi, B. and Meridiani, P. and Organtini, G. and Paramatti, R. and Preiato, F. and Rahatlou, S. and Rovelli, C. and Santanastasio, F. and Amapane, N. and Arcidiacono, R. and Argiro, S. and Arneodo, M. and Bartosik, N. and Bellan, R. and Biino, C. and Cartiglia, N. and Cenna, F. and Costa, M. and Covarelli, R. and Degano, A. and Demaria, N. and Kiani, B. and Mariotti, C. and Maselli, S. and Migliore, E. and Monaco, V. and Monteil, E. and Monteno, M. and Obertino, M. M. and Pacher, L. and Pastrone, N. and Pelliccioni, M. and Angioni, G. L.Pinna and Romero, A. and Ruspa, M. and Sacchi, R. and Shchelina, K. and Sola, V. and Solano, A. and Staiano, A. and Traczyk, P. and Belforte, S. and Casarsa, M. and Cossutti, F. and Ricca, G. Della and Zanetti, A. and Kim, D. H. and Kim, G. N. and Kim, M. S. and Lee, J. and Lee, S. and Lee, S. W. and Moon, C. S. and Oh, Y. D. and Sekmen, S. and Son, D. C. and Yang, Y. C. and Lee, A. and Kim, H. and Moon, D. H. and Oh, G. and Cifuentes, J. A.Brochero and Goh, J. and Kim, T. J. and Cho, S. and Choi, S. and Go, Y. and Gyun, D. and Ha, S. and Hong, B. and Jo, Y. and Kim, Y. and Lee, K. and Lee, K. S. and Lee, S. and Lim, J. and Park, S. K. and Roh, Y. and Almond, J. and Kim, J. and Kim, J. S. and Lee, H. and Lee, K. and Nam, K. and Oh, S. B. and Radburn-Smith, B. C. and Seo, S. H. and Yang, U. K. and Yoo, H. D. and Yu, G. B. and Kim, H. and Kim, J. H. and Lee, J. S.H. and Park, I. C. and Choi, Y. and Hwang, C. and Lee, J. and Yu, I. and Dudenas, V. and Juodagalvis, A. and Vaitkus, J. and Ahmed, I. and Ibrahim, Z. A. and Ali, M. A.B.Md and Idris, F. Mohamad and Abdullah, W. A.T.Wan and Yusli, M. N. and Zolkapli, Z. and Reyes-Almanza, R. and Ramirez-Sanchez, G. and Duran-Osuna, M. C. and Castilla-Valdez, H. and Cruz-Burelo, E. De La and Cruz, I. Heredia De La and Rabadan-Trejo, R. I. and Lopez-Fernandez, R. and Guisao, J. Mejia and Sanchez-Hernandez, A. and Moreno, S. Carrillo and Barrera, C. Oropeza and Valencia, F. Vazquez and Eysermans, J. and Pedraza, I. and Ibarguen, H. A.Salazar and Estrada, C. Uribe and Pineda, A. Morelos and Krofcheck, D. and Butler, P. H. and Ahmad, A. and Ahmad, M. and Hassan, Q. and Hoorani, H. R. and Saddique, A. and Shah, M. A. and Shoaib, M. and Waqas, M. and Bialkowska, H. and Bluj, M. and Boimska, B. and Frueboes, T. and G{\'{o}}rski, M. and Kazana, M. and Nawrocki, K. and Szleper, M. and Zalewski, P. and Bunkowski, K. and Byszuk, A. and Doroba, K. and Kalinowski, A. and Konecki, M. and Krolikowski, J. and Misiura, M. and Olszewski, M. and Pyskir, A. and Walczak, M. and Bargassa, P. and Silva, C. Beir{\~{a}}o Da Cruz E. and Francesco, A. Di and Faccioli, P. and Galinhas, B. and Gallinaro, M. and Hollar, J. and Leonardo, N. and Iglesias, L. Lloret and Nemallapudi, M. V. and Seixas, J. and Strong, G. and Toldaiev, O. and Vadruccio, D. and Varela, J. and Baginyan, A. and Golunov, A. and Golutvin, I. and Kamenev, A. and Karjavin, V. and Kashunin, I. and Korenkov, V. and Kozlov, G. and Lanev, A. and Malakhov, A. and Matveev, V. and Palichik, V. and Perelygin, V. and Shmatov, S. and Smirnov, V. and Trofimov, V. and Yuldashev, B. S. and Zarubin, A. and Ivanov, Y. and Kim, V. and Kuznetsova, E. and Levchenko, P. and Murzin, V. and Oreshkin, V. and Smirnov, I. and Sosnov, D. and Sulimov, V. and Uvarov, L. and Vavilov, S. and Vorobyev, A. and Andreev, Yu and Dermenev, A. and Gninenko, S. and Golubev, N. and Karneyeu, A. and Kirsanov, M. and Krasnikov, N. and Pashenkov, A. and Tlisov, D. and Toropin, A. and Epshteyn, V. and Gavrilov, V. and Lychkovskaya, N. and Popov, V. and Pozdnyakov, I. and Safronov, G. and Spiridonov, A. and Stepennov, A. and Toms, M. and Vlasov, E. and Zhokin, A. and Aushev, T. and Bylinkin, A. and Chistov, R. and Danilov, M. and Parygin, P. and Philippov, D. and Polikarpov, S. and Tarkovskii, E. and Andreev, V. and Azarkin, M. and Dremin, I. and Kirakosyan, M. and Terkulov, A. and Baskakov, A. and Belyaev, A. and Boos, E. and Dubinin, M. and Dudko, L. and Ershov, A. and Gribushin, A. and Klyukhin, V. and Kodolova, O. and Lokhtin, I. and Miagkov, I. and Obraztsov, S. and Petrushanko, S. and Savrin, V. and Snigirev, A. and Blinov, V. and Shtol, D. and Skovpen, Y. and Azhgirey, I. and Bayshev, I. and Bitioukov, S. and Elumakhov, D. and Godizov, A. and Kachanov, V. and Kalinin, A. and Konstantinov, D. and Mandrik, P. and Petrov, V. and Ryutin, R. and Sobol, A. and Troshin, S. and Tyurin, N. and Uzunian, A. and Volkov, A. and Adzic, P. and Cirkovic, P. and Devetak, D. and Dordevic, M. and Milosevic, J. and Rekovic, V. and Maestre, J. Alcaraz and Bachiller, I. and Luna, M. Barrio and Cerrada, M. and Colino, N. and Cruz, B. De La and Peris, A. Delgado and Bedoya, C. Fernandez and Ramos, J. P.Fern{\'{a}}ndez and Flix, J. and Fouz, M. C. and Lopez, O. Gonzalez and Lopez, S. Goy and Hernandez, J. M. and Josa, M. I. and Moran, D. and Yzquierdo, A. P{\'{e}}rez Calero and Pelayo, J. Puerta and Olmeda, A. Quintario and Redondo, I. and Romero, L. and Soares, M. S. and Fern{\'{a}}ndez, A. {\'{A}}lvarez and Albajar, C. and {De Troc{\'{o}}niz}, J. F. and Missiroli, M. and Cuevas, J. and Erice, C. and Menendez, J. Fernandez and Caballero, I. Gonzalez and Fern{\'{a}}ndez, J. R.Gonz{\'{a}}lez and Cortezon, E. Palencia and Cruz, S. Sanchez and Vischia, P. and Garcia, J. M.Vizan and Cabrillo, I. J. and Calderon, A. and Quero, B. Chazin and Curras, E. and Campderros, J. Duarte and Fernandez, M. and Garcia-Ferrero, J. and Gomez, G. and Virto, A. Lopez and Marco, J. and Rivero, C. Martinez and Arbol, P. Martinez Ruiz Del and Matorras, F. and Gomez, J. Piedra and Rodrigo, T. and Ruiz-Jimeno, A. and Scodellaro, L. and Trevisani, N. and Vila, I. and Cortabitarte, R. Vilar and Abbaneo, D. and Akgun, B. and Auffray, E. and Baillon, P. and Ball, A. H. and Barney, D. and Bendavid, J. and Bianco, M. and Bloch, P. and Bocci, A. and Botta, C. and Camporesi, T. and Castello, R. and Cepeda, M. and Cerminara, G. and Chapon, E. and Chen, Y. and D'Enterria, D. and Dabrowski, A. and Daponte, V. and David, A. and Gruttola, M. De and Roeck, A. De and Deelen, N. and Dobson, M. and Pree, T. Du and D{\"{u}}nser, M. and Dupont, N. and Elliott-Peisert, A. and Everaerts, P. and Fallavollita, F. and Franzoni, G. and Fulcher, J. and Funk, W. and Gigi, D. and Gilbert, A. and Gill, K. and Glege, F. and Gulhan, D. and Harris, P. and Hegeman, J. and Innocente, V. and Jafari, A. and Janot, P. and Karacheban, O. and Kieseler, J. and Kn{\"{u}}nz, V. and Kornmayer, A. and Kortelainen, M. J. and Krammer, M. and Lange, C. and Lecoq, P. and Louren{\c{c}}o, C. and Lucchini, M. T. and Malgeri, L. and Mannelli, M. and Martelli, A. and Meijers, F. and Merlin, J. A. and Mersi, S. and Meschi, E. and Milenovic, P. and Moortgat, F. and Mulders, M. and Neugebauer, H. and Ngadiuba, J. and Orfanelli, S. and Orsini, L. and Pape, L. and Perez, E. and Peruzzi, M. and Petrilli, A. and Petrucciani, G. and Pfeiffer, A. and Pierini, M. and Rabady, D. and Racz, A. and Reis, T. and Rolandi, G. and Rovere, M. and Sakulin, H. and Schafer, C. and Schwick, C. and Seidel, M. and Selvaggi, M. and Sharma, A. and Silva, P. and Sphicas, P. and Stakia, A. and Steggemann, J. and Stoye, M. and Tosi, M. and Treille, D. and Triossi, A. and Tsirou, A. and Veckalns, V. and Verweij, M. and Zeuner, W. D. and Bertl, W. and Caminada, L. and Deiters, K. and Erdmann, W. and Horisberger, R. and Ingram, Q. and Kaestli, H. C. and Kotlinski, D. and Langenegger, U. and Rohe, T. and Wiederkehr, S. A. and Backhaus, M. and Bani, L. and Berger, P. and Bianchini, L. and Casal, B. and Dissertori, G. and Dittmar, M. and Donega, M. and Dorfer, C. and Grab, C. and Heidegger, C. and Hits, D. and Hoss, J. and Kasieczka, G. and Klijnsma, T. and Lustermann, W. and Mangano, B. and Marionneau, M. and Meinhard, M. T. and Meister, D. and Micheli, F. and Musella, P. and Nessi-Tedaldi, F. and Pandolfi, F. and Pata, J. and Pauss, F. and Perrin, G. and Perrozzi, L. and Quittnat, M. and Reichmann, M. and Becerra, D. A.Sanz and Sch{\"{o}}nenberger, M. and Shchutska, L. and Tavolaro, V. R. and Theofilatos, K. and Olsson, M. L.Vesterbacka and Wallny, R. and Zhu, D. H. and Aarrestad, T. K. and Amsler, C. and Canelli, M. F. and Cosa, A. De and Burgo, R. Del and Donato, S. and Galloni, C. and Hreus, T. and Kilminster, B. and Pinna, D. and Rauco, G. and Robmann, P. and Salerno, D. and Schweiger, K. and Seitz, C. and Takahashi, Y. and Zucchetta, A. and Candelise, V. and Chang, Y. H. and Cheng, K. Y. and Doan, T. H. and Jain, Sh and Khurana, R. and Kuo, C. M. and Lin, W. and Pozdnyakov, A. and Yu, S. S. and Kumar, Arun and Chang, P. and Chao, Y. and Chen, K. F. and Chen, P. H. and Fiori, F. and Hou, W. S. and Hsiung, Y. and Liu, Y. F. and Lu, R. S. and Paganis, E. and Psallidas, A. and Steen, A. and Tsai, J. F. and Asavapibhop, B. and Kovitanggoon, K. and Singh, G. and Srimanobhas, N. and Bat, A. and Boran, F. and Cerci, S. and Damarseckin, S. and Demiroglu, Z. S. and Dozen, C. and Dumanoglu, I. and Girgis, S. and Gokbulut, G. and Guler, Y. and Hos, I. and Kangal, E. E. and Kara, O. and Topaksu, A. Kayis and Kiminsu, U. and Oglakci, M. and Onengut, G. and Ozdemir, K. and Cerci, D. Sunar and Tali, B. and Tok, U. G. and Turkcapar, S. and Zorbakir, I. S. and Zorbilmez, C. and Karapinar, G. and Ocalan, K. and Yalvac, M. and Zeyrek, M. and G{\"{u}}lmez, E. and Kaya, M. and Kaya, O. and Tekten, S. and Yetkin, E. A. and Agaras, M. N. and Atay, S. and Cakir, A. and Cankocak, K. and K{\"{o}}seoglu, I. and Grynyov, B. and Levchuk, L. and Ball, F. and Beck, L. and Brooke, J. J. and Burns, D. and Clement, E. and Cussans, D. and Davignon, O. and Flacher, H. and Goldstein, J. and Heath, G. P. and Heath, H. F. and Kreczko, L. and Newbold, D. M. and Paramesvaran, S. and Sakuma, T. and Nasr-Storey, S. Seif El and Smith, D. and Smith, V. J. and Bell, K. W. and Belyaev, A. and Brew, C. and Brown, R. M. and Calligaris, L. and Cieri, D. and Cockerill, D. J.A. and Coughlan, J. A. and Harder, K. and Harper, S. and Linacre, J. and Olaiya, E. and Petyt, D. and Shepherd-Themistocleous, C. H. and Thea, A. and Tomalin, I. R. and Williams, T. and Auzinger, G. and Bainbridge, R. and Borg, J. and Breeze, S. and Buchmuller, O. and Bundock, A. and Casasso, S. and Citron, M. and Colling, D. and Corpe, L. and Dauncey, P. and Davies, G. and Wit, A. De and Negra, M. Della and Maria, R. Di and Elwood, A. and Haddad, Y. and Hall, G. and Iles, G. and James, T. and Lane, R. and Laner, C. and Lyons, L. and Magnan, A. M. and Malik, S. and Mastrolorenzo, L. and Matsushita, T. and Nash, J. and Nikitenko, A. and Palladino, V. and Pesaresi, M. and Raymond, D. M. and Richards, A. and Rose, A. and Scott, E. and Seez, C. and Shtipliyski, A. and Summers, S. and Tapper, A. and Uchida, K. and Acosta, M. Vazquez and Virdee, T. and Wardle, N. and Winterbottom, D. and Wright, J. and Zenz, S. C. and Cole, J. E. and Hobson, P. R. and Khan, A. and Kyberd, P. and Reid, I. D. and Teodorescu, L. and Zahid, S. and Borzou, A. and Call, K. and Dittmann, J. and Hatakeyama, K. and Liu, H. and Pastika, N. and Smith, C. and Bartek, R. and Dominguez, A. and Buccilli, A. and Cooper, S. I. and Henderson, C. and Rumerio, P. and West, C. and Arcaro, D. and Avetisyan, A. and Bose, T. and Gastler, D. and Rankin, D. and Richardson, C. and Rohlf, J. and Sulak, L. and Zou, D. and Benelli, G. and Cutts, D. and Garabedian, A. and Hadley, M. and Hakala, J. and Heintz, U. and Hogan, J. M. and Kwok, K. H.M. and Laird, E. and Landsberg, G. and Lee, J. and Mao, Z. and Narain, M. and Pazzini, J. and Piperov, S. and Sagir, S. and Syarif, R. and Yu, D. and Band, R. and Brainerd, C. and Breedon, R. and Burns, D. and Sanchez, M. Calderon De La Barca and Chertok, M. and Conway, J. and Conway, R. and Cox, P. T. and Erbacher, R. and Flores, C. and Funk, G. and Ko, W. and Lander, R. and McLean, C. and Mulhearn, M. and Pellett, D. and Pilot, J. and Shalhout, S. and Shi, M. and Smith, J. and Stolp, D. and Tos, K. and Tripathi, M. and Wang, Z. and Bachtis, M. and Bravo, C. and Cousins, R. and Dasgupta, A. and Florent, A. and Hauser, J. and Ignatenko, M. and McColl, N. and Regnard, S. and Saltzberg, D. and Schnaible, C. and Valuev, V. and Bouvier, E. and Burt, K. and Clare, R. and Ellison, J. and Gary, J. W. and Shirazi, S. M.A.Ghiasi and Hanson, G. and Heilman, J. and Karapostoli, G. and Kennedy, E. and Lacroix, F. and Long, O. R. and Negrete, M. Olmedo and Paneva, M. I. and Si, W. and Wang, L. and Wei, H. and Wimpenny, S. and Yates, B. R. and Branson, J. G. and Cittolin, S. and Derdzinski, M. and Gerosa, R. and Gilbert, D. and Hashemi, B. and Holzner, A. and Klein, D. and Kole, G. and Krutelyov, V. and Letts, J. and Masciovecchio, M. and Olivito, D. and Padhi, S. and Pieri, M. and Sani, M. and Sharma, V. and Tadel, M. and Vartak, A. and Wasserbaech, S. and Wood, J. and W{\"{u}}rthwein, F. and Yagil, A. and Porta, G. Zevi Della and Amin, N. and Bhandari, R. and Bradmiller-Feld, J. and Campagnari, C. and Dishaw, A. and Dutta, V. and Sevilla, M. Franco and Golf, F. and Gouskos, L. and Heller, R. and Incandela, J. and Ovcharova, A. and Qu, H. and Richman, J. and Stuart, D. and Suarez, I. and Yoo, J. and Anderson, D. and Bornheim, A. and Lawhorn, J. M. and Newman, H. B. and Nguyen, T. and Pena, C. and Spiropulu, M. and Vlimant, J. R. and Xie, S. and Zhang, Z. and Zhu, R. Y. and Andrews, M. B. and Ferguson, T. and Mudholkar, T. and Paulini, M. and Russ, J. and Sun, M. and Vogel, H. and Vorobiev, I. and Weinberg, M. and Cumalat, J. P. and Ford, W. T. and Jensen, F. and Johnson, A. and Krohn, M. and Leontsinis, S. and Mulholland, T. and Stenson, K. and Wagner, S. R. and Alexander, J. and Chaves, J. and Chu, J. and Dittmer, S. and McDermott, K. and Mirman, N. and Patterson, J. R. and Quach, D. and Rinkevicius, A. and Ryd, A. and Skinnari, L. and Soffi, L. and Tan, S. M. and Tao, Z. and Thom, J. and Tucker, J. and Wittich, P. and Zientek, M. and Abdullin, S. and Albrow, M. and Alyari, M. and Apollinari, G. and Apresyan, A. and Apyan, A. and Banerjee, S. and Bauerdick, L. A.T. and Beretvas, A. and Berryhill, J. and Bhat, P. C. and Bolla, G. and Burkett, K. and Butler, J. N. and Canepa, A. and Cerati, G. B. and Cheung, H. W.K. and Chlebana, F. and Cremonesi, M. and Duarte, J. and Elvira, V. D. and Freeman, J. and Gecse, Z. and Gottschalk, E. and Gray, L. and Green, D. and Gr{\"{u}}nendahl, S. and Gutsche, O. and Harris, R. M. and Hasegawa, S. and Hirschauer, J. and Hu, Z. and Jayatilaka, B. and Jindariani, S. and Johnson, M. and Joshi, U. and Klima, B. and Kreis, B. and Lammel, S. and Lincoln, D. and Lipton, R. and Liu, M. and Liu, T. and S{\'{a}}, R. Lopes De and Lykken, J. and Maeshima, K. and Magini, N. and Marraffino, J. M. and Mason, D. and McBride, P. and Merkel, P. and Mrenna, S. and Nahn, S. and O'Dell, V. and Pedro, K. and Prokofyev, O. and Rakness, G. and Ristori, L. and Schneider, B. and Sexton-Kennedy, E. and Soha, A. and Spalding, W. J. and Spiegel, L. and Stoynev, S. and Strait, J. and Strobbe, N. and Taylor, L. and Tkaczyk, S. and Tran, N. V. and Uplegger, L. and Vaandering, E. W. and Vernieri, C. and Verzocchi, M. and Vidal, R. and Wang, M. and Weber, H. A. and Whitbeck, A. and Acosta, D. and Avery, P. and Bortignon, P. and Bourilkov, D. and Brinkerhoff, A. and Carnes, A. and Carver, M. and Curry, D. and Field, R. D. and Furic, I. K. and Gleyzer, S. V. and Joshi, B. M. and Konigsberg, J. and Korytov, A. and Kotov, K. and Ma, P. and Matchev, K. and Mei, H. and Mitselmakher, G. and Shi, K. and Sperka, D. and Terentyev, N. and Thomas, L. and Wang, J. and Wang, S. and Yelton, J. and Joshi, Y. R. and Linn, S. and Markowitz, P. and Rodriguez, J. L. and Ackert, A. and Adams, T. and Askew, A. and Hagopian, S. and Hagopian, V. and Johnson, K. F. and Kolberg, T. and Martinez, G. and Perry, T. and Prosper, H. and Saha, A. and Santra, A. and Sharma, V. and Yohay, R. and Baarmand, M. M. and Bhopatkar, V. and Colafranceschi, S. and Hohlmann, M. and Noonan, D. and Roy, T. and Yumiceva, F. and Adams, M. R. and Apanasevich, L. and Berry, D. and Betts, R. R. and Cavanaugh, R. and Chen, X. and Evdokimov, O. and Gerber, C. E. and Hangal, D. A. and Hofman, D. J. and Jung, K. and Kamin, J. and Gonzalez, I. D.Sandoval and Tonjes, M. B. and Trauger, H. and Varelas, N. and Wang, H. and Wu, Z. and Zhang, J. and Bilki, B. and Clarida, W. and Dilsiz, K. and Durgut, S. and Gandrajula, R. P. and Haytmyradov, M. and Khristenko, V. and Merlo, J. P. and Mermerkaya, H. and Mestvirishvili, A. and Moeller, A. and Nachtman, J. and Ogul, H. and Onel, Y. and Ozok, F. and Penzo, A. and Snyder, C. and Tiras, E. and Wetzel, J. and Yi, K. and Blumenfeld, B. and Cocoros, A. and Eminizer, N. and Fehling, D. and Feng, L. and Gritsan, A. V. and Maksimovic, P. and Roskes, J. and Sarica, U. and Swartz, M. and Xiao, M. and You, C. and Al-Bataineh, A. and Baringer, P. and Bean, A. and Boren, S. and Bowen, J. and Castle, J. and Khalil, S. and Kropivnitskaya, A. and Majumder, D. and McBrayer, W. and Murray, M. and Royon, C. and Sanders, S. and Schmitz, E. and Takaki, J. D.Tapia and Wang, Q. and Ivanov, A. and Kaadze, K. and Maravin, Y. and Mohammadi, A. and Saini, L. K. and Skhirtladze, N. and Toda, S. and Rebassoo, F. and Wright, D. and Anelli, C. and Baden, A. and Baron, O. and Belloni, A. and Eno, S. C. and Feng, Y. and Ferraioli, C. and Hadley, N. J. and Jabeen, S. and Jeng, G. Y. and Kellogg, R. G. and Kunkle, J. and Mignerey, A. C. and Ricci-Tam, F. and Shin, Y. H. and Skuja, A. and Tonwar, S. C. and Abercrombie, D. and Allen, B. and Azzolini, V. and Barbieri, R. and Baty, A. and Bi, R. and Brandt, S. and Busza, W. and Cali, I. A. and D'Alfonso, M. and Demiragli, Z. and Ceballos, G. Gomez and Goncharov, M. and Hsu, D. and Hu, M. and Iiyama, Y. and Innocenti, G. M. and Klute, M. and Kovalskyi, D. and Lee, Y. J. and Levin, A. and Luckey, P. D. and Maier, B. and Marini, A. C. and McGinn, C. and Mironov, C. and Narayanan, S. and Niu, X. and Paus, C. and Roland, C. and Roland, G. and Salfeld-Nebgen, J. and Stephans, G. S.F. and Tatar, K. and Velicanu, D. and Wang, J. and Wang, T. W. and Wyslouch, B. and Benvenuti, A. C. and Chatterjee, R. M. and Evans, A. and Hansen, P. and Hiltbrand, J. and Kalafut, S. and Kubota, Y. and Lesko, Z. and Mans, J. and Nourbakhsh, S. and Ruckstuhl, N. and Rusack, R. and Turkewitz, J. and Wadud, M. A. and Acosta, J. G. and Oliveros, S. and Avdeeva, E. and Bloom, K. and Claes, D. R. and Fangmeier, C. and Suarez, R. Gonzalez and Kamalieddin, R. and Kravchenko, I. and Monroy, J. and Siado, J. E. and Snow, G. R. and Stieger, B. and Dolen, J. and Godshalk, A. and Harrington, C. and Iashvili, I. and Nguyen, D. and Parker, A. and Rappoccio, S. and Roozbahani, B. and Alverson, G. and Barberis, E. and Freer, C. and Hortiangtham, A. and Massironi, A. and Morse, D. M. and Orimoto, T. and Lima, R. Teixeira De and Trocino, D. and Wamorkar, T. and Wang, B. and Wisecarver, A. and Wood, D. and Bhattacharya, S. and Charaf, O. and Hahn, K. A. and Mucia, N. and Odell, N. and Schmitt, M. H. and Sung, K. and Trovato, M. and Velasco, M. and Bucci, R. and Dev, N. and Hildreth, M. and Anampa, K. Hurtado and Jessop, C. and Karmgard, D. J. and Kellams, N. and Lannon, K. and Li, W. and Loukas, N. and Marinelli, N. and Meng, F. and Mueller, C. and Musienko, Y. and Planer, M. and Reinsvold, A. and Ruchti, R. and Siddireddy, P. and Smith, G. and Taroni, S. and Wayne, M. and Wightman, A. and Wolf, M. and Woodard, A. and Alimena, J. and Antonelli, L. and Bylsma, B. and Durkin, L. S. and Flowers, S. and Francis, B. and Hart, A. and Hill, C. and Ji, W. and Liu, B. and Luo, W. and Winer, B. L. and Wulsin, H. W. and Cooperstein, S. and Driga, O. and Elmer, P. and Hardenbrook, J. and Hebda, P. and Higginbotham, S. and Kalogeropoulos, A. and Lange, D. and Luo, J. and Marlow, D. and Mei, K. and Ojalvo, I. and Olsen, J. and Palmer, C. and Pirou{\'{e}}, P. and Stickland, D. and Tully, C. and Malik, S. and Norberg, S. and Barker, A. and Barnes, V. E. and Das, S. and Folgueras, S. and Gutay, L. and Jha, M. K. and Jones, M. and Jung, A. W. and Khatiwada, A. and Miller, D. H. and Neumeister, N. and Peng, C. C. and Qiu, H. and Schulte, J. F. and Sun, J. and Wang, F. and Xiao, R. and Xie, W. and Cheng, T. and Parashar, N. and Stupak, J. and Chen, Z. and Ecklund, K. M. and Freed, S. and Geurts, F. J.M. and Guilbaud, M. and Kilpatrick, M. and Li, W. and Michlin, B. and Padley, B. P. and Roberts, J. and Rorie, J. and Shi, W. and Tu, Z. and Zabel, J. and Zhang, A. and Bodek, A. and {De Barbaro}, P. and Demina, R. and Duh, Y. T. and Ferbel, T. and Galanti, M. and Garcia-Bellido, A. and Han, J. and Hindrichs, O. and Khukhunaishvili, A. and Lo, K. H. and Tan, P. and Verzetti, M. and Ciesielski, R. and Goulianos, K. and Mesropian, C. and Agapitos, A. and Chou, J. P. and Gershtein, Y. and Espinosa, T. A.G{\'{o}}mez and Halkiadakis, E. and Heindl, M. and Hughes, E. and Kaplan, S. and Elayavalli, R. Kunnawalkam and Kyriacou, S. and Lath, A. and Montalvo, R. and Nash, K. and Osherson, M. and Saka, H. and Salur, S. and Schnetzer, S. and Sheffield, D. and Somalwar, S. and Stone, R. and Thomas, S. and Thomassen, P. and Walker, M. and Delannoy, A. G. and Foerster, M. and Heideman, J. and Riley, G. and Rose, K. and Spanier, S. and Thapa, K. and Bouhali, O. and Hernandez, A. Castaneda and Celik, A. and Dalchenko, M. and Mattia, M. De and Delgado, A. and Dildick, S. and Eusebi, R. and Gilmore, J. and Huang, T. and Kamon, T. and Mueller, R. and Pakhotin, Y. and Patel, R. and Perloff, A. and Pernie, L. and Rathjens, D. and Safonov, A. and Tatarinov, A. and Ulmer, K. A. and Akchurin, N. and Damgov, J. and Guio, F. De and Dudero, P. R. and Faulkner, J. and Gurpinar, E. and Kunori, S. and Lamichhane, K. and Lee, S. W. and Libeiro, T. and Mengke, T. and Muthumuni, S. and Peltola, T. and Undleeb, S. and Volobouev, I. and Wang, Z. and Greene, S. and Gurrola, A. and Janjam, R. and Johns, W. and Maguire, C. and Melo, A. and Ni, H. and Padeken, K. and Sheldon, P. and Tuo, S. and Velkovska, J. and Xu, Q. and Arenton, M. W. and Barria, P. and Cox, B. and Hirosky, R. and Joyce, M. and Ledovskoy, A. and Li, H. and Neu, C. and Sinthuprasith, T. and Wang, Y. and Wolfe, E. and Xia, F. and Harr, R. and Karchin, P. E. and Poudyal, N. and Sturdy, J. and Thapa, P. and Zaleski, S. and Brodski, M. and Buchanan, J. and Caillol, C. and Dasu, S. and Dodd, L. and Duric, S. and Gomber, B. and Grothe, M. and Herndon, M. and Herv{\'{e}}, A. and Hussain, U. and Klabbers, P. and Lanaro, A. and Levine, A. and Long, K. and Loveless, R. and Ruggles, T. and Savin, A. and Smith, N. and Smith, W. H. and Taylor, D. and Woods, N.},
doi = {10.1088/1748-0221/13/05/P05011},
issn = {17480221},
journal = {Journal of Instrumentation},
keywords = {Particle identification methods,Pattern recognition,Performance of High Energy Physics Detectors,calibration and fitting methods,cluster finding},
title = {{Identification of heavy-flavour jets with the CMS detector in pp collisions at 13 TeV}},
year = {2018}
}
@article{esf4,
abstract = {We report a measurement of the flux of cosmic rays with unprecedented precision and statistics using the Pierre Auger Observatory. Based on fluorescence observations in coincidence with at least one surface detector we derive a spectrum for energies above 1018eV. We also update the previously published energy spectrum obtained with the surface detector array. The two spectra are combined addressing the systematic uncertainties and, in particular, the influence of the energy resolution on the spectral shape. The spectrum can be described by a broken power law E- $\gamma$with index $\gamma$ = 3.3 below the ankle which is measured at log10(Eankle/ eV) = 18.6. Above the ankle the spectrum is described by a power law with index 2.6 followed by a flux suppression, above about log10(E / eV) = 19.5, detected with high statistical significance. {\textcopyright} 2010 Elsevier B.V. All rights reserved.},
author = {Abraham, J. and Abreu, P. and Aglietta, M. and Ahn, E. J. and Allard, D. and Allen, J. and Alvarez-Mu{\~{n}}iz, J. and Ambrosio, M. and Anchordoqui, L. and Andringa, S. and Anti{\v{c}}i{\'{c}}, T. and Anzalone, A. and Aramo, C. and Arganda, E. and Arisaka, K. and Arqueros, F. and Asorey, H. and Assis, P. and Aublin, J. and Ave, M. and Avila, G. and B{\"{a}}cker, T. and Badagnani, D. and Balzer, M. and Barber, K. B. and Barbosa, A. F. and Barroso, S. L.C. and Baughman, B. and Bauleo, P. and Beatty, J. J. and Becker, B. R. and Becker, K. H. and Bell{\'{e}}toile, A. and Bellido, J. A. and BenZvi, S. and Berat, C. and Bergmann, T. and Bertou, X. and Biermann, P. L. and Billoir, P. and Blanch-Bigas, O. and Blanco, F. and Blanco, M. and Bleve, C. and Bl{\"{u}}mer, H. and Boh{\'{a}}{\v{c}}ov{\'{a}}, M. and Boncioli, D. and Bonifazi, C. and Bonino, R. and Borodai, N. and Brack, J. and Brogueira, P. and Brown, W. C. and Bruijn, R. and Buchholz, P. and Bueno, A. and Burton, R. E. and Busca, N. G. and Caballero-Mora, K. S. and Caramete, L. and Caruso, R. and Castellina, A. and Catalano, O. and Cataldi, G. and Cazon, L. and Cester, R. and Chauvin, J. and Chiavassa, A. and Chinellato, J. A. and Chou, A. and Chudoba, J. and Clay, R. W. and Colombo, E. and Coluccia, M. R. and Concei{\c{c}}{\~{a}}o, R. and Contreras, F. and Cook, H. and Cooper, M. J. and Coppens, J. and Cordier, A. and Cotti, U. and Coutu, S. and Covault, C. E. and Creusot, A. and Criss, A. and Cronin, J. and Curutiu, A. and Dagoret-Campagne, S. and Dallier, R. and Daumiller, K. and Dawson, B. R. and de Almeida, R. M. and {De Domenico}, M. and {De Donato}, C. and de Jong, S. J. and {De La Vega}, G. and {de Mello Junior}, W. J.M. and {de Mello Neto}, J. R.T. and {De Mitri}, I. and de Souza, V. and de Vries, K. D. and Decerprit, G. and del Peral, L. and Deligny, O. and {Della Selva}, A. and {Delle Fratte}, C. and Dembinski, H. and {Di Giulio}, C. and Diaz, J. C. and {D{\'{i}}az Castro}, M. L. and Diep, P. N. and Dobrigkeit, C. and D'Olivo, J. C. and Dong, P. N. and Dorofeev, A. and dos Anjos, J. C. and Dova, M. T. and D'Urso, D. and Dutan, I. and DuVernois, M. A. and Ebr, J. and Engel, R. and Erdmann, M. and Escobar, C. O. and Etchegoyen, A. and {Facal San Luis}, P. and Falcke, H. and Farrar, G. and Fauth, A. C. and Fazzini, N. and Ferrero, A. and Fick, B. and Filevich, A. and Filip{\v{c}}i{\v{c}}, A. and Fleck, I. and Fliescher, S. and Fracchiolla, C. E. and Fraenkel, E. D. and Fr{\"{o}}hlich, U. and Fulgione, W. and Gamarra, R. F. and Gambetta, S. and Garc{\'{i}}a, B. and {Garc{\'{i}}a G{\'{a}}mez}, D. and Garcia-Pinto, D. and Garrido, X. and Gelmini, G. and Gemmeke, H. and Ghia, P. L. and Giaccari, U. and Giller, M. and Glass, H. and Goggin, L. M. and Gold, M. S. and Golup, G. and {Gomez Albarracin}, F. and {G{\'{o}}mez Berisso}, M. and Gon{\c{c}}alves, P. and Gonzalez, D. and Gonzalez, J. G. and G{\'{o}}ra, D. and Gorgi, A. and Gouffon, P. and Gozzini, S. R. and Grashorn, E. and Grebe, S. and Grigat, M. and Grillo, A. F. and Guardincerri, Y. and Guarino, F. and Guedes, G. P. and Hague, J. D. and Halenka, V. and Hansen, P. and Harari, D. and Harmsma, S. and Harton, J. L. and Haungs, A. and Hebbeker, T. and Heck, D. and Herve, A. E. and Hojvat, C. and Holmes, V. C. and Homola, P. and H{\"{o}}randel, J. R. and Horneffer, A. and Hrabovsk{\'{y}}, M. and Huege, T. and Hussain, M. and Iarlori, M. and Insolia, A. and Ionita, F. and Italiano, A. and Jiraskova, S. and Kadija, K. and Kaducak, M. and Kampert, K. H. and Karova, T. and Kasper, P. and K{\'{e}}gl, B. and Keilhauer, B. and Keivani, A. and Kelley, J. and Kemp, E. and Kieckhafer, R. M. and Klages, H. O. and Kleifges, M. and Kleinfeller, J. and Knapik, R. and Knapp, J. and Koang, D. H. and Krieger, A. and Kr{\"{o}}mer, O. and Kruppke-Hansen, D. and Kuehn, F. and Kuempel, D. and Kulbartz, K. and Kunka, N. and Kusenko, A. and {La Rosa}, G. and Lachaud, C. and Lago, B. L. and Lautridou, P. and Le{\~{a}}o, M. S.A.B. and Lebrun, D. and Lebrun, P. and Lee, J. and {Leigui de Oliveira}, M. A. and Lemiere, A. and Letessier-Selvon, A. and Lhenry-Yvon, I. and L{\'{o}}pez, R. and {Lopez Ag{\"{u}}era}, A. and Louedec, K. and {Lozano Bahilo}, J. and Lucero, A. and Ludwig, M. and Lyberis, H. and Maccarone, M. C. and Macolino, C. and Maldera, S. and Mandat, D. and Mantsch, P. and Mariazzi, A. G. and Marin, V. and Maris, I. C. and {Marquez Falcon}, H. R. and Marsella, G. and Martello, D. and {Mart{\'{i}}nez Bravo}, O. and Mathes, H. J. and Matthews, J. and Matthews, J. A.J. and Matthiae, G. and Maurizio, D. and Mazur, P. O. and McEwen, M. and Medina-Tanco, G. and Melissas, M. and Melo, D. and Menichetti, E. and Menshikov, A. and Meurer, C. and Mi{\v{c}}anovi{\'{c}}, S. and Micheletti, M. I. and Miller, W. and Miramonti, L. and Mollerach, S. and Monasor, M. and {Monnier Ragaigne}, D. and Montanet, F. and Morales, B. and Morello, C. and Moreno, E. and Moreno, J. C. and Morris, C. and Mostaf{\'{a}}, M. and Mueller, S. and Muller, M. A. and Mussa, R. and Navarra, G. and Navarro, J. L. and Navas, S. and Necesal, P. and Nellen, L. and Nhung, P. T. and Nierstenhoefer, N. and Nitz, D. and Nosek, D. and No{\v{z}}ka, L. and Nyklicek, M. and Oehlschl{\"{a}}ger, J. and Olinto, A. and Oliva, P. and Olmos-Gilbaja, V. M. and Ortiz, M. and Pacheco, N. and {Pakk Selmi-Dei}, D. and Palatka, M. and Pallotta, J. and Palmieri, N. and Parente, G. and Parizot, E. and Parlati, S. and Parra, A. and Parrisius, J. and Parsons, R. D. and Pastor, S. and Paul, T. and Pavlidou, V. and Payet, K. and Pech, M. and Pȩkala, J. and Pelayo, R. and Pepe, I. M. and Perrone, L. and Pesce, R. and Petermann, E. and Petrera, S. and Petrinca, P. and Petrolini, A. and Petrov, Y. and Petrovic, J. and Pfendner, C. and Piegaia, R. and Pierog, T. and Pimenta, M. and Pirronello, V. and Platino, M. and Ponce, V. H. and Pontz, M. and Privitera, P. and Prouza, M. and Quel, E. J. and Rautenberg, J. and Ravel, O. and Ravignani, D. and Redondo, A. and Revenu, B. and Rezende, F. A.S. and Ridky, J. and Riggi, S. and Risse, M. and Ristori, P. and Rivi{\`{e}}re, C. and Rizi, V. and Robledo, C. and Rodriguez, G. and {Rodriguez Martino}, J. and {Rodriguez Rojo}, J. and Rodriguez-Cabo, I. and Rodr{\'{i}}guez-Fr{\'{i}}as, M. D. and Ros, G. and Rosado, J. and Rossler, T. and Roth, M. and Rouill{\'{e}}-d'Orfeuil, B. and Roulet, E. and Rovero, A. C. and Salamida, F. and Salazar, H. and Salina, G. and S{\'{a}}nchez, F. and Santander, M. and Santo, C. E. and Santos, E. and Santos, E. M. and Sarazin, F. and Sarkar, S. and Sato, R. and Scharf, N. and Scherini, V. and Schieler, H. and Schiffer, P. and Schmidt, A. and Schmidt, F. and Schmidt, T. and Scholten, O. and Schoorlemmer, H. and Schovancova, J. and Schov{\'{a}}nek, P. and Schroeder, F. and Schulte, S. and Sch{\"{u}}ssler, F. and Schuster, D. and Sciutto, S. J. and Scuderi, M. and Segreto, A. and Semikoz, D. and Settimo, M. and Shellard, R. C. and Sidelnik, I. and Siffert, B. B. and Sigl, G. and {\'{S}}mia{\l}kowski, A. and {\v{S}}m{\'{i}}da, R. and Snow, G. R. and Sommers, P. and Sorokin, J. and Spinka, H. and Squartini, R. and Stasielak, J. and Stephan, M. and Strazzeri, E. and Stutz, A. and Suarez, F. and Suomij{\"{a}}rvi, T. and Supanitsky, A. D. and {\v{S}}u{\v{s}}a, T. and Sutherland, M. S. and Swain, J. and Szadkowski, Z. and Tamashiro, A. and Tamburro, A. and Tapia, A. and Tarutina, T. and Taşcǎu, O. and Tcaciuc, R. and Tcherniakhovski, D. and Tegolo, D. and Thao, N. T. and Thomas, D. and Tiffenberg, J. and Timmermans, C. and Tkaczyk, W. and {Todero Peixoto}, C. J. and Tom{\'{e}}, B. and Tonachini, A. and Travnicek, P. and Tridapalli, D. B. and Tristram, G. and Trovato, E. and Tueros, M. and Ulrich, R. and Unger, M. and Urban, M. and {Vald{\'{e}}s Galicia}, J. F. and Vali{\~{n}}o, I. and Valore, L. and van den Berg, A. M. and V{\'{a}}zquez, J. R. and V{\'{a}}zquez, R. A. and Veberi{\v{c}}, D. and Venters, T. and Verzi, V. and Videla, M. and Villase{\~{n}}or, L. and Vorobiov, S. and Voyvodic, L. and Wahlberg, H. and Wahrlich, P. and Wainberg, O. and Warner, D. and Watson, A. A. and Westerhoff, S. and Whelan, B. J. and Wieczorek, G. and Wiencke, L. and Wilczy{\'{n}}ska, B. and Wilczy{\'{n}}ski, H. and Williams, C. and Winchen, T. and Winnick, M. G. and Wundheiler, B. and Yamamoto, T. and Younk, P. and Yuan, G. and Yushkov, A. and Zas, E. and Zavrtanik, D. and Zavrtanik, M. and Zaw, I. and Zepeda, A. and Ziolkowski, M.},
doi = {10.1016/j.physletb.2010.02.013},
issn = {03702693},
journal = {Physics Letters, Section B: Nuclear, Elementary Particle and High-Energy Physics},
keywords = {Cosmic rays,Energy spectrum,Pierre Auger Observatory},
month = {mar},
number = {4-5},
pages = {239--246},
publisher = {North-Holland},
title = {{Measurement of the energy spectrum of cosmic rays above 1018eV using the Pierre Auger Observatory}},
url = {https://www.sciencedirect.com/science/article/pii/S0370269310001875},
volume = {685},
year = {2010}
}
@article{adam,
abstract = {We introduce Adam, an algorithm for first-order gradient-based optimization of stochastic objective functions. The method is straightforward to implement and is based on adaptive estimates of lower-order moments of the gradients. The method is computationally efficient, has little memory requirements and is well suited for problems that are large in terms of data and/or parameters. The method is also appropriate for non-stationary objectives and problems with very noisy and/or sparse gradients. The method exhibits invariance to diagonal rescaling of the gradients by adapting to the geometry of the objective function. The hyper-parameters have intuitive interpretations and typically require little tuning. Some connections to related algorithms, on which Adam was inspired, are discussed. We also analyze the theoretical convergence properties of the algorithm and provide a regret bound on the convergence rate that is comparable to the best known results under the online convex optimization framework. We demonstrate that Adam works well in practice and compares favorably to other stochastic optimization methods.},
archivePrefix = {arXiv},
arxivId = {1412.6980},
author = {Kingma, Diederik P. and Ba, Jimmy Lei},
doi = {http://doi.acm.org.ezproxy.lib.ucf.edu/10.1145/1830483.1830503},
eprint = {1412.6980},
isbn = {9781450300728},
issn = {09252312},
journal = {International Conference on Learning Representations 2015},
pmid = {172668},
title = {{Adam: a Method for Stochastic Optimization}},
year = {2015}
}
@article{Prouza2003,
abstract = {The puzzle of ultra-high energy cosmic rays (UHECRs) still remains unresolved. With the progress in preparation of next generation experiments (AUGER, EUSO, OWL) grows also the importance of directional analysis of existing and future events. The Galactic magnetic field (GMF) plays the key role in source identification even in this energy range. We first analyze current status of our experimental and theoretical knowledge about GMF and introduce complex up-to-date model of GMF. Then we present two examples of simple applications of influence of GMF on UHECR propagation. Both examples are based on Lorentz equation solution. The first one is basic directional analysis of the incident directions of UHECRs and the second one is a simulation of a change of chemical composition of CRs in the energy range 10{\^{}}13 - 10{\^{}}19 eV. The results of these simple analyses are surprisingly rich - e.g. the rates of particle escape from the Galaxy or the amplifications of particle flux in specific directions.},
annote = {Wirtz, 56},
archivePrefix = {arXiv},
arxivId = {astro-ph/0307165},
author = {Prouza, Michael and Smida, Radomir},
doi = {10.1051/0004-6361:20031281},
eprint = {0307165},
file = {:home/djschmidt/.local/share/data/Mendeley Ltd./Mendeley Desktop/Downloaded/Prouza, Smida - 2003 - The Galactic magnetic field and propagation of ultra-high energy cosmic rays.pdf:pdf},
issn = {1432-0756},
month = {jul},
primaryClass = {astro-ph},
title = {{The Galactic magnetic field and propagation of ultra-high energy cosmic rays}},
url = {http://arxiv.org/abs/astro-ph/0307165{\%}0Ahttp://dx.doi.org/10.1051/0004-6361:20031281},
year = {2003}
}
